2358 3951
618 178 728 222 DE
800 178 1374 227 REPVBLICA.
1781 205 1862 245 743

152 279 254 309 rum
269 277 422 328 regem
437 258 517 308 sibi
531 276 859 327 cooptauerant
872 299 884 320 ,
899 263 960 310 ob
978 268 1106 311 vnius
1121 261 1288 311 Poloni
1300 267 1557 332 interempti
1571 258 1727 316 necem
1743 275 1865 318 occi-

153 329 407 389 dissent‚nisi
427 329 715 378 Cracouiensi
734 349 832 378 arce
847 336 931 378 tuti
944 329 1225 379 fuissentznec
1237 348 1389 379 tamen
1405 334 1625 383 tumultus
1638 339 1738 385 ante
1751 358 1860 386 con-

154 403 344 463 quieuit,
358 396 494 465 quam
512 403 717 465 Hungari
733 417 830 446 arce
845 398 995 447 rclidhr
1009 401 1203 449 domum
1218 401 1440 449 rediissent
1453 405 1494 448 ⁶.
1525 406 1763 454 Crudelius
1778 409 1863 455 etii
1883 420 1903 481 ᾗ
1920 417 2132 484 Ε’ξΤττ-ίπὴῑ-

154 487 258 516 cum
273 468 510 516 Austriacis
522 472 674 515 adium
689 468 874 516 estznam
891 487 996 516 cum
1015 470 1323 537 Sigismundus
1336 474 1524 519 Mariam
1541 474 1760 524 Ludouici
1776 477 1865 524 filii
1907 458 1959 483 ω
1971 466 2009 483 θ’

152 537 407 595 duxiffet‚ac
418 542 512 584 iure
525 541 672 584 mariti
686 555 879 604 regnum
892 539 1100 586 arbitratu
1115 539 1193 588 suo
1212 540 1445 588 modorari
1458 541 1757 601 vellet,socrus
1770 564 1865 592 am-

152 605 433 654 bitiosissima
445 625 664 674 generum
679 607 964 655 dominitern
981 606 1093 656 ferre
1107 628 1201 656 non
1215 614 1365 676 potuit
1377 648 1388 668 ,
1402 608 1474 658 sed
1488 631 1592 659 eum
1608 631 1749 678 regno
1765 635 1864 662 exe-

153 680 241 742 git:
265 694 314 724 ac
330 685 420 724 iam
435 680 682 742 Legatosin
698 675 890 724 Galliam
915 684 1092 725 mittere
1115 679 1366 745 cogitabat,
1383 697 1428 726 vt
1448 698 1639 748 regnum
1663 687 1861 751 Imperio

147 747 424 794 Francorum
440 745 692 792 subiiceret:
709 743 789 792 nisi
811 750 1020 813 Hungari
1043 746 1264 795 Carolum
1291 749 1447 798 Mariae
1469 755 1629 818 reginae
1651 770 1862 820 patruum

151 832 307 881 regern
321 812 585 882 Neapoleos
599 812 811 881 supplices
836 820 1028 863 accirent
1040 853 1052 874 ‚
1065 820 1251 882 quinon
1266 822 1385 884 prius
1412 825 1537 885 regni
1560 821 1863 888 gubernacula

152 882 361 952 suscepit,
376 883 514 948 quarn
530 887 691 949 regina:
705 900 848 931 mater
862 883 974 933 nihil
989 901 1271 932 metuentem
1286 888 1475 935 interfici
1488 891 1722 939 mandauit
1744 912 1754 938 t
1778 910 1862 939 nec

99 961 134 1005 B
151 952 301 1002 multo
316 952 416 1021 post
429 953 666 1021 parricidio
680 951 903 1000 confimili
921 951 1024 1001 caesa
1036 953 1097 1001 est
1109 991 1121 1011 ,
1138 958 1240 1001 &in
1254 953 1426 1003 flumen
1454 963 1648 1009 Croatiae
1662 960 1864 1010 Praefeeti

154 1028 471 1071 coniuratione
485 1021 696 1072 demersa.
725 1026 850 1070 Tum
868 1021 1178 1089 Sigismundus
1194 1043 1297 1071 cum
1312 1031 1504 1075 exercitu
1518 1029 1716 1078 reuersus
1728 1034 1866 1078 Hun-

150 1096 321 1158 gatiam
338 1096 581 1160 occupauit
593 1131 605 1150 ,
618 1110 667 1139 ac
678 1091 870 1140 caedibus
883 1096 1052 1139 ciuium
1069 1090 1277 1139 faetioms
1289 1093 1480 1145 aduersae
1493 1103 1650 1146 omnia
1663 1100 1867 1167 comple-

150 1164 226 1208 uit.
246 1161 331 1209 Sed
343 1161 398 1209 ad
411 1162 661 1210 domestica
672 1160 827 1220 redeo,
839 1170 883 1209 ὃς
896 1158 948 1208 ad
963 1180 1011 1209 ea
1025 1159 1206 1208 vulnera
1220 1180 1318 1228 quse
1332 1168 1497 1214 receter
1508 1165 1630 1216 illata
1642 1166 1865 1217 leuissimo

148 1234 269 1278 radtu
283 1230 595 1279 recrudescunt
609 1269 621 1290 ,
634 1249 715 1278 nec
726 1233 815 1278 fine
829 1228 1111 1278 acerbissimo
1126 1237 1301 1296 gemitu
1315 1237 1556 1284 trad'cantur
1570 1275 1579 1284 .
1617 1238 1866 1286 Franciscus

149 1296 243 1346 dux
260 1301 464 1349 Andium
479 1300 535 1348 ad
550 1299 794 1367 Belgarum
809 1297 974 1367 sceptra
987 1299 1267 1348 moderanda
1276 1301 1505 1352 accersitus
1518 1312 1709 1366 venit,&
1726 1311 1866 1355 maxi-

148 1373 233 1416 mis
244 1368 618 1437 gratulationibus
634 1385 839 1437 acceptus
851 1368 936 1416 est:
961 1367 1032 1417 sed
1050 1373 1105 1417 εὖ
1117 1367 1236 1418 nulla
1249 1369 1458 1436 praesidia,
1473 1373 1611 1423 nullas
1623 1375 1864 1435 arces,nul-

145 1436 208 1485 las
224 1440 351 1486 vrbes
366 1437 651 1498 haberet‚nec
663 1443 772 1486 meis
790 1438 1105 1504 rogationibus
1122 1438 1380 1505 (quifutura
1391 1441 1669 1510 prospexera)
1689 1447 1733 1495 id
1748 1442 1864 1494 effici

141 1507 531 1576 potuiffet‚ingens
546 1508 689 1556 secuta
701 1505 844 1555 clades
858 1507 933 1564 est,
950 1525 1087 1574 quam
1102 1506 1191 1556 sine
1205 1508 1369 1557 dolore
1389 1515 1639 1563 meminisse
1651 1534 1749 1563 non
1762 1515 1862 1583 pos-

141 1574 254 1625 sum.
277 1577 444 1626 Rursus
466 1583 618 1625 Franci
634 1596 740 1624 cum
756 1581 900 1625 Scotis
913 1574 1156 1625 foederibus
1169 1576 1444 1627 faustissimis
1457 1598 1586 1630 antea
1597 1584 1769 1652 semper
1784 1583 1861 1632 co-

146 1645 408 1695 iunCtissimi
422 1648 595 1696 fuerant
609 1686 621 1706 ‚
635 1655 678 1694 &
696 1651 875 1714 Vtrique
892 1662 1060 1694 veteres
1075 1665 1179 1694 cum
1193 1646 1351 1714 Anglis
1376 1667 1646 1701 communes
1662 1659 1858 1702 inimici-

91 1722 134 1766 C
148 1720 225 1763 tias
238 1715 481 1765 diutissime
496 1715 908 1765 exercuerantzcum
923 1731 1074 1764 tamen
1092 1719 1236 1764 Maria
1249 1722 1495 1766 Scotorum
1509 1726 1659 1789 regina
1670 1722 1859 1773 Francis-

145 1804 204 1836 .co
215 1784 480 1855 Delphinati
493 1786 736 1834 Fracorum
753 1784 982 1852 nupsisset,
996 1804 1046 1832 ac
1063 1790 1215 1834 Franci
1227 1784 1346 1853 leges
1359 1793 1604 1839 Scotorum
1616 1792 1793 1860 populis
1808 1794 1863 1841 da

144 1872 192 1903 re
205 1859 585 1915 conaretur‚Scoti
598 1854 812 1923 supplices
827 1852 1038 1921 Angloru
1051 1860 1304 1923 patrocinio
1319 1855 1359 1906 se
1376 1856 1720 1929 subdere,quam
1737 1882 1863 1931 pere-

145 1929 386 1992 grinorum
400 1929 643 1993 imperium
658 1923 1120 1992 perpetimaluerunt,
1141 1943 1224 1973 nec
1245 1929 1364 1992 prius
1387 1931 1576 1978 Francos
1595 1931 1862 1999 Anglorum

144 1994 308 2061 opibus
322 2004 366 2043 δε
381 1994 554 2044 auxiliis
567 1996 819 2043 coniuntstis
834 1993 1007 2061 insequi
1024 2002 1068 2041 &
1084 1992 1289 2043 obsidere
1301 1994 1540 2058 desierunt,
1554 1997 1694 2067 quam
1710 2004 1862 2051 Franci

140 2081 304 2112 omnes
322 2069 438 2130 pacis
452 2063 794 2112 conditionibus
805 2067 993 2131 acceptis
1006 2062 1060 2110 de
1074 2067 1224 2111 Scotia
1248 2062 1539 2116 decessissent.
1571 2070 1666 2119 Hic
1685 2078 1857 2120 omitto

140 2150 260 2200 quot
274 2141 318 2181 &
333 2150 510 2201 quantae
524 2131 795 2182 calamitates
811 2133 966 2180 Mariae
977 2134 1184 2199 principis
1198 2132 1482 2196 illustrissime
1496 2142 1726 2190 connubia
1738 2142 1861 2190 secu-

142 2217 196 2252 tae
210 2202 412 2251 fint.Nec
425 2221 533 2252 vero
548 2201 813 2270 sperandum
827 2201 888 2248 est
901 2205 1159 2268 reginarum
1172 2201 1408 2251 illustrium
1424 2208 1686 2274 cupiditates
1698 2209 1724 2257 a
1733 2230 1860 2280 pere-

144 2277 284 2339 grinis
294 2273 565 2340 principibus
582 2275 780 2319 coerceri
792 2270 928 2339 poffe.
946 2275 990 2317 Si
1002 2276 1124 2319 enim
1140 2290 1299 2321 vxores
1313 2274 1699 2341 repudiare'velint
1711 2319 1723 2339 ‚
1734 2288 1857 2348 prius

143 2341 318 2390 exulare
330 2342 499 2391 necesse
511 2341 572 2390 est
587 2379 596 2387 .
627 2345 745 2402 Qs
760 2344 883 2388 enim
896 2342 1057 2387 Marco
1071 2339 1259 2405 Aurelio
1274 2346 1552 2409 Imperatore
1576 2349 1855 2399 moderatius

135 2429 342 2478 vnquam
354 2410 395 2460 se
405 2410 556 2479 gessit?
585 2428 692 2458 cum
709 2426 861 2457 tamen
883 2414 1030 2457 vxoris
1056 2410 1297 2478 impudicae
1310 2410 1519 2462 libidines
1534 2420 1669 2465 nimis
1682 2426 1853 2485 patien-

81 2484 129 2529 D
139 2495 204 2528 ter
215 2479 351 2529 ferret
361 2519 373 2539 ‚
383 2485 541 2529 amicis
552 2480 794 2548 repudium
807 2476 915 2545 saepe
928 2477 1263 2528 consulentibus
1289 2479 1520 2549 respondit
1531 2523 1544 2544 ‚
1558 2485 1716 2535 dotem
1737 2497 1858 2556 prius

138 2550 273 2599 reddi
288 2553 689 2619 oporterezquippe
704 2552 904 2617 Imperio
917 2551 1139 2596 Romano
1153 2549 1278 2617 quasi
1293 2554 1387 2598 iure
1401 2551 1544 2601 dotali
1556 2560 1620 2603 vti
1633 2555 1721 2606 frui
1733 2559 1858 2607 vide-

140 2619 397 2678 batur‚cum
412 2621 663 2668 Faustinam
678 2621 961 2685 Imperatoris
975 2621 1202 2666 Antonini
1214 2618 1353 2667 filiam
1367 2620 1567 2670 duxisset.
1597 2629 1708 2674 Hoc
1721 2631 1858 2676 etiam

143 2691 440 2738 incommodi
454 2689 587 2737 habet
598 2691 820 2755 peregrini
834 2690 1041 2755 principis
1058 2689 1344 2737 connubium
1360 2728 1371 2748 ,
1390 2691 1519 2757 quod
1532 2692 1717 2742 finitimi
1734 2714 1859 2764 reges
1907 2722 1911 2736 1

144 2777 197 2806 ac
209 2757 368 2827 populi
390 2757 513 2826 quafi
536 2763 664 2826 proci
687 2761 852 2805 mutuis
870 2758 1242 2806 contentionibus
1268 2777 1319 2807 ac
1337 2758 1519 2809 dissidiis
1542 2762 1596 2811 de
1607 2762 1756 2813 alieno
1770 2766 1861 2815 Im-

149 2832 279 2895 perio
293 2845 460 2886 certant
472 2865 483 2882 ‚
497 2845 548 2875 ac
559 2827 667 2894 saepe
678 2832 881 2894 reginam
898 2823 1096 2892 anuptiis
1108 2843 1331 2888 auertunt,
1343 2831 1570 2878 interdum
1589 2838 1723 2880 etiam
1741 2835 1860 2885 illata

151 2901 199 2944 vi
209 2896 558 2966 compelluntzvt
571 2900 699 2965 proci·
709 2896 881 2945 Vendae
893 2893 1159 2943 Ruffiorum
1171 2901 1460 2964 reginae‚cum
1473 2899 1716 2952 diutissime
1729 2904 1784 2954 de
1799 2921 1862 2954 nu

143 2969 250 3034 ptiis
261 2971 375 3015 inter
386 2965 546 3035 seipsos
558 2965 850 3024 dimicassent,
862 2967 1008 3013 νίἂοῐ
1019 2965 1146 3032 quod
1160 2968 1362 3033 precibus
1373 2987 1424 3016 ac
1438 2967 1753 3032 blanditiarum
1769 2974 1865 3024 ille-

148 3036 289 3083 cebris
301 3055 394 3083 non
409 3041 769 3104 potuerat,armis
781 3036 821 3082 se
835 3035 1103 3102 adepturum
1118 3039 1303 3101 putauit.
1319 3035 1393 3085 sed
1407 3036 1481 3085 illa
1492 3045 1708 3107 voragine
1723 3062 1862 3111 aqua-

147 3122 253 3152 rum
269 3109 408 3153 vitam
424 3103 581 3153 maluit
594 3103 734 3172 quam
745 3103 1063 3171 vi‘pudicitiam
1077 3107 1450 3172 amittere.neque
1467 3112 1589 3155 enim
1618 3125 1708 3157 tam
1731 3112 1861 3161 facile

147 3179 404 3240 reginarum
420 3173 557 3241 quam
570 3192 728 3241 regum
744 3173 941 3222 conubia
953 3171 1248 3221 conciliantur
1264 3173 1333 3222 :hi
1348 3180 1471 3223 enim
1485 3181 1609 3245 pictis
1627 3180 1787 3229 tabulis
1800 3182 1861 3244 se—

149 3241 324 3309 piffime
336 3241 649 3302 falluntur‚illae
661 3244 867 3312 spirantes
880 3241 1090 3290 homines
1103 3243 1693 3312 contueri,alloqui,tentare
1705 3250 1780 3298 diu
1799 3271 1860 3300 vo

153 3311 274 3372 lunt,
287 3331 337 3361 ac
358 3309 584 3380 saepiffime
599 3312 959 3380 visos'respuunt.
984 3314 1153 3379 Neque
1175 3316 1296 3360 enim
1310 3314 1489 3364 Isabella
1503 3316 1691 3367 Castiliae
1703 3317 1859 3389 regina
