2358 3951
578 192 648 244 53²⁶
1015 182 1293 238 LIBER
1365 177 1823 238 QVINTVS

566 264 799 325 excideret,
813 265 1079 316 Matthaeum
1096 269 1351 320 Coruinum
1365 266 1412 314 H
1424 261 1594 310 uniadis
1608 262 1750 321 filium
1764 282 1916 331 regem
1929 263 2084 332 sponte
2099 265 2257 315 maluit
2318 259 2322 263 ’

567 334 704 402 quam
720 336 988 402 Sigismundi
1010 336 1289 400 imperatoris
1310 330 1469 386 liberos
1485 330 1658 390 habere>
1672 332 1992 400 consequentia
2012 333 2117 383 veto
2132 340 2257 402 patira

567 424 618 450 cu
627 422 671 450 m
684 422 783 470 rege
797 409 1006 452 Coruino
1022 413 1063 450 δε
1077 401 1315 449 Austriacis
1340 401 1614 468 principibus
1632 405 1740 448 inita
1764 402 1941 451 ordines
1960 419 2051 450 rata
2065 404 2253 469 quidem

567 471 882 525 habuerunt,ea
895 490 1042 519 tamen
1057 475 1212 536 ereptis
1230 465 1503 534 siiffragiis‚&
1517 487 1751 526 armorum
1765 487 1887 518 metu
1904 477 2053 538 potius
2069 488 2255 531 extorta,

567 539 704 607 quam
719 540 922 602 legitimo
939 539 1145 586 consensu
1174 537 1295 595 faeta,
1309 539 1626 604 querebantur.
1653 542 1806 604 Itaque
1820 539 1922 587 cum
1937 540 1988 586 ad
2002 546 2095 587 vim
2111 539 2255 607 prola-

568 607 637 675 psa
651 629 714 657 res
731 596 966 675 elset‚popu
977 605 1039 653 lus
1053 611 1307 654 Turcarum
1322 604 1765 673 opes'eblanditusest
1780 607 1900 656 cotra
1913 607 2256 663 Ferdinandum,

567 683 637 725 cui
651 695 798 725 tamen
812 679 1061 742 prouincias
1071 675 1245 740 aliquot
1256 672 1462 738 fruendas
1475 678 1626 731 Turca
1637 674 1884 742 reliquit‚ea
1896 676 1992 744 lege
2005 693 2052 724 vt
2063 676 2167 725 fisco
2180 696 2254 727 ve-
2317 709 2323 714 -

565 745 696 812 &igal
713 763 911 792 annuum
924 744 1205 810 dependeret.
1231 756 1320 811 qua
1335 764 1385 794 ex
1397 763 1442 792 re
1454 747 1703 801 Turcarum
1717 749 1918 814 princeps
1930 750 2254 812 Imperatorem
2302 801 2306 807 ⁴

568 809 902 862 Germanorum
918 813 956 859 se
974 815 1255 865 tributarium
1267 812 1428 870 habere
1441 811 1670 879 gloriatur.
1694 817 1940 880 Imperator
1954 812 2062 862 veto
2076 814 2252 882 penfiO-
2316 818 2339 877 αἴ,

564 902 667 931 nem
682 900 773 929 non
789 881 1005 939 tributum
1021 881 1221 950 appellat.
1239 880 1383 939 differt
1395 900 1545 931 autem
1560 880 1649 928 hoc
1667 882 1720 929 ab
1738 880 1831 930 illo:
1848 883 1976 950 quod
1989 884 2213 933 tributum
2228 882 2252 933 a

563 948 742 999 subditis
757 966 832 997 aut
845 950 899 997 ab
913 955 967 1010 iis
979 956 1056 1017 qui
1073 956 1383 1018 potentiorum
1397 956 1439 1005 vi
1452 953 1598 1000 coaCci
1609 966 1656 998 vt
1667 949 1866 1000 libertate
1880 971 1929 1000 ac
1942 970 2045 1019 pace
2057 951 2254 1001 frueren-
2273 963 2307 1011 Βῡ
2333 945 2339 952 ’

563 1023 885 1086 tur‚pecuniam
903 1021 1147 1078 viototibus
1169 1019 1208 1068 se
1225 1017 1403 1069 daturos
1417 1015 1770 1086 spoponderunt.
1783 1019 1936 1087 penli0
1958 1019 2100 1069 libera
2111 1022 2171 1069 est
2184 1024 2254 1070 [eu

560 1085 842 1146 aelientffiseu
856 1089 972 1146 abii}
984 1087 1242 1138 dissoluatur
1257 1093 1334 1155 qui
1348 1105 1480 1156 aequo
1491 1088 1664 1139 foedere
1675 1089 1931 1137 societatem
1951 1099 1993 1136 δε
2006 1095 2254 1138 amicitiam

561 1174 664 1203 cum
677 1160 725 1203 iis
739 1160 934 1214 inierunt
945 1162 1026 1224 qui
1039 1158 1120 1206 sese
1145 1176 1250 1206 cum
1261 1156 1464 1208 hostibus
1481 1157 1762 1211 coiunxerint
1779 1178 1788 1203 :
1805 1158 1874 1207 seu
1891 1159 1944 1206 ab
1958 1162 2007 1205 iis
2024 1157 2253 1208 auxiliares

560 1229 708 1292 copias
721 1242 904 1291 vrgente
918 1226 1037 1285 bello
1050 1232 1283 1293 accipiant:
1303 1242 1348 1273 vt
1362 1226 1547 1293 quidem
1563 1225 1704 1272 nostri
1717 1244 1840 1293 reges
1853 1245 1957 1275 cum
1975 1227 2196 1276 Heluetiis
2208 1233 2253 1275 in

558 1292 816 1353 societatem
837 1299 975 1362 aequis
998 1293 1242 1344 foederibus
1268 1312 1512 1352 venerunt,
1527 1291 1684 1361 ealege
1698 1311 1849 1343 tamen
1862 1308 2041 1363 vtreges
2067 1298 2251 1346 arbitrio

559 1360 638 1409 suo
651 1367 896 1411 exercitum
917 1363 1241 1412 Heluetiorum
1263 1366 1319 1413 ad
1339 1363 1469 1413 huius
1490 1367 1668 1430 Imperij
1691 1363 1878 1411 tutelam
1908 1364 2250 1414 conscriberent:

558 1447 608 1478 ac
634 1428 818 1479 vicissim
837 1431 1058 1481 Heluetiis
1076 1431 1281 1481 aduersus
1303 1432 1484 1482 hostiles
1505 1432 1779 1480 incursiones
1810 1451 1947 1500 opem
1974 1432 2154 1482 ferrent.
2175 1434 2249 1484 sed

561 1502 842 1566 quoniamad
859 1501 989 1550 huius
1011 1506 1188 1569 Imperij
1215 1502 1399 1552 tutelam
1420 1500 1674 1568 frequentes
1704 1506 1918 1549 exercitus
1941 1501 1996 1550 ab
2024 1502 2249 1552 Heluetiis

556 1574 687 1617 acciri
712 1571 881 1619 neceffe
903 1586 990 1618 erat
1011 1608 1023 1628 ,
1047 1590 1101 1618 ne
1123 1570 1272 1618 hostes
1293 1571 1424 1619 huius
1449 1573 1626 1635 Imperij
1655 1568 1896 1619 Heluetios
1925 1569 1949 1618 a
1977 1577 2250 1622 Francorum

559 1635 765 1687 societate
777 1638 1038 1688 diuellerent
1050 1677 1061 1697 ,
1086 1658 1208 1707 reges
1221 1641 1362 1689 nostri
1384 1638 1572 1688 libenter
1597 1638 1857 1705 pensionem
1872 1638 1993 1688 mille
2006 1659 2247 1689 aureorum

555 1710 598 1752 in
613 1705 800 1775 singulas
813 1714 1010 1756 ciuitates
1024 1707 1386 1776 spoponderunt:
1413 1706 1585 1757 tametsi
1604 1705 1848 1756 Franciscus
1873 1713 2015 1758 maior
2035 1729 2109 1758 rex
2123 1714 2250 1759 Fran—
2269 1712 2308 1756 C

559 1793 719 1824 cotum
734 1776 882 1844 praelio
898 1777 951 1825 ad
967 1780 1273 1826 Marinianum
1289 1776 1430 1847 paulo
1444 1794 1544 1826 ante
1556 1775 1702 1824 foedus
1714 1779 1955 1826 commisso
1973 1776 2249 1827 clariffimam

559 1850 771 1893 omnium
785 1850 1025 1894 victoriam
1039 1846 1092 1896 de
1107 1847 1328 1896 Heluetiis
1340 1844 1567 1895 retulisset.
1583 1849 1654 1894 Ac
1665 1845 1838 1894 tametsi
1851 1845 2041 1915 superuis
2053 1848 2247 1897 diximus

557 1919 857 1979 patrocinium
881 1913 1099 1963 veriffime
1119 1916 1324 1985 appellari
1345 1913 1451 1965 cum
1475 1932 1630 1964 tenues
1650 1912 1834 1963 liberam
1851 1925 1895 1964 ὃς
1909 1921 2148 1983 gratuitam
2163 1935 2247 1985 po-

296 1994 311 2015 ⁶
335 1985 509 2015 ¹·1·¹⁸³³‘¹d³‘ff·
538 1989 806 2035 *tentiorum
821 1982 1071 2033 clientelam
1087 1985 1299 2035 subeunt:
1315 1991 1421 2054 quia
1441 2003 1607 2033 merces
1629 1984 1648 2012 ⁶
1662 1983 1814 2034 officio
1828 2004 1922 2032 non
1934 1986 2139 2035 debetur:
2155 2005 2241 2054 po-

556 2056 766 2101 tentiores
782 2071 932 2102 autem
947 2059 1149 2104 tenuium
1161 2056 1414 2123 patrocinii]
1426 2053 1631 2109 aduersus
1647 2050 1847 2103 hostiurn
1862 2058 2040 2103 iniurias
2060 2053 2244 2124 suscipe-

554 2137 601 2168 re
618 2120 805 2169 debent:
820 2121 1116 2177 nihilominus
1129 2140 1279 2173 tamen
1292 2122 1412 2174 nulla
1424 2122 1514 2172 fere
1532 2127 1776 2188 patrocinia
1789 2128 1923 2191 gratis
1936 2122 2240 2192 suscipiuntur:

539 2205 691 2257 ratque
706 2192 935 2251 interdum
949 2210 1102 2242 tenues
1113 2197 1263 2240 inuitis
1275 2212 1323 2241 ac
1334 2192 1637 2245 recusantibus
1650 2197 1846 2257 patronis
1860 2191 2123 2260 pensionem
2137 2211 2241 2261 pror-

537 2313 539 2317 ·
555 2263 806 2318 mittunt‚vt
819 2260 1098 2328 obligatione
1112 2262 1341 2312 necessaria
1353 2260 1476 2329 quasi
1490 2259 1692 2310 mercede
1713 2260 1856 2310 soluta
1874 2260 1930 2309 ad
1946 2279 2083 2329 opem
2096 2259 2242 2312 feren·
2322 2278 2328 2286 '

556 2326 662 2375 dam
677 2331 891 2377 teneatur.
905 2325 1153 2398 quuidem
1164 2332 1386 2380 veteribus
1399 2348 1555 2380 contra
1567 2329 1698 2379 decus
1713 2325 1960 2397 contraque
1974 2330 2241 2398 dignitatem
2311 2326 2313 2329 ¹

534 2400 734 2464 sImpetij
749 2396 920 2446 faotum
936 2399 1205 2453 iudicaretur
1232 2422 1241 2447 z
1265 2400 1338 2449 sed
1359 2401 1655 2468 posteaquam
1676 2398 1854 2447 vtilium
1877 2407 1921 2448 &
1941 2397 2241 2448 honestorum

554 2465 740 2514 confusa
753 2472 865 2516 ratio
879 2468 939 2517 est
952 2506 963 2526 ‚
986 2473 1230 2535 patrocinia
1251 2474 1564 2538 potentiorum
1578 2468 1792 2516 'mercede
1806 2467 2000 2517 conduci
2021 2472 2239 2536 oportuit,
2258 2475 2303 2532 D

532 2553 611 2585 ene
624 2535 866 2585 imbecilles
879 2542 1032 2589 iniuria
1045 2555 1340 2603 tyrannorum
1354 2544 1726 2606 opprimerentur.
1750 2541 1873 2586 Hinc
1886 2534 2078 2587 Saluiani
2089 2533 2242 2586 Maffi-

557 2600 702 2652 liensis
716 2623 870 2671 graues
888 2605 1078 2673 querelae
1095 2646 1108 2666 ‚
1130 2627 1238 2674 opes
1250 2606 1409 2656 scilicet
1432 2611 1634 2656 tenuium
1659 2610 1912 2675 patrociniis
1936 2605 2155 2654 exhauriri
2184 2622 2232 2655 vt

555 2669 663 2720 salui
683 2675 765 2723 esse
786 2674 966 2742 possint,-
1007 2681 1122 2738 Qs
1143 2677 1204 2729 est
1219 2682 1340 2728 enim
1361 2674 2131 2744 quinesciatLucenseS‚‚ParmenseS‚
2146 2678 2236 2727 Ge·-

555 2741 738 2790 nuenses
758 2781 771 2802 ,
806 2743 1085 2801 Florentinos
1107 2749 1407 2812 patrocinium
1442 2750 1555 2812 regis
1578 2743 1891 2812 Hispaniarum
1923 2749 2094 2811 ingenti
2112 2762 2235 2792 mer-

555 2810 661 2858 cede
682 2811 845 2879 pacisci.
894 2811 1005 2866 Illud
1024 2818 1156 2861 etiam
1183 2815 1406 2882 indignius
1429 2815 1712 2881 minimeque
1737 2810 2232 2881 ferendum‚patrocinij

556 2885 746 2944 pretium
771 2881 795 2929 a
815 2880 1048 2930 clientibus
1070 2881 1326 2941 solui,-non
1343 2901 1390 2931 vt
1404 2886 1458 2934 ab
1478 2883 1681 2933 hostibus
1701 2899 1775 2930 aut
1788 2881 2014 2941 finitimis,
2033 2882 2105 2931 sed
2119 2899 2162 2931 vt
2176 2883 2232 2930 ab

553 2947 681 3012 ipiius
701 2949 1126 3016 patronilatrociniis
1141 2957 1328 3005 tutiores
1343 2952 1442 3000 fine,
1484 2957 1607 3002 Nam
1623 2951 1720 3019 post
1732 2949 2030 3000 calamitatem
2053 2955 2235 3020 Papien-

526 3056 530 3061 .
554 3015 645 3064 sem
664 3023 832 3066 Francis
843 3017 1010 3066 illatam
1025 3038 1183 3068 omnes
1200 3020 1330 3074 Italiae
1345 3024 1540 3070 ciuitates
1553 3024 1798 3088 patrocinia
1813 3025 1923 3087 regis
1937 3019 2124 3088 Hispani
2139 3039 2231 3070 ma.-

549 3103 636 3150 gna
648 3091 688 3133 vi
702 3092 988 3154 pecuniarum
1006 3094 1188 3138 mercari
1201 3107 1444 3157 coeperunt.
1477 3089 1689 3139 Lucenses
1701 3088 1887 3155 quidem
1905 3089 2063 3138 decem
2075 3107 2231 3139 aureo-

550 3172 649 3200 rum
664 3157 1089 3205 millibusstenenses
1104 3159 1363 3224 quindecim
1379 3157 1586 3207 millibus.
1601 3163 1707 3208 Dux
1720 3157 1995 3207 Ferrariensis
2009 3154 2231 3226 quinqua-

552 3227 674 3287 ginta
691 3224 977 3273 millibuaesed
992 3224 1260 3293 hicquidem
1277 3228 1416 3294 specie
1431 3232 1700 3286 mutui‚cum
1716 3226 1817 3274 effet
1829 3231 1872 3274 in
1887 3227 2087 3275 clientela
2104 3232 2231 3276 Fran-

553 3310 727 3341 corum.
761 3298 868 3342 Hoc
892 3293 996 3342 vero
1011 3300 1179 3363 turpius
1201 3295 1251 3344 fit
1271 3316 1324 3344 an
1337 3296 1580 3354 scelerati-us
1593 3314 1689 3345 non
1708 3292 1832 3344 facile
1845 3295 2086 3364 dicipotest
2100 3317 2109 3342 :
2124 3314 2229 3343 eum

2150 3367 2231 3430 qui
