2358 3951
509 212 583 252 ¹50
868 185 882 193 ⁴
956 189 1282 247 ·LIB'ER
1351 184 1710 231 PRIMVS

519 276 719 323 summus
732 272 812 321 ess'e
828 271 971 340 possit,
990 271 1307 340 quisubclitum
1325 274 1502 339 Imperij
1520 269 1694 318 socium
1709 269 1789 319 effe
1804 272 2006 337 patiatur.
2036 272 2097 316 Ex
2116 287 2211 336 quo

520 344 717 411 sequitur
730 343 1085 391 iurisdidtionem
1099 380 1110 399 ‚
1125 359 1264 407 quam
1282 338 1543 387 Aristoteles
1556 344 1732 387 tertiam
1752 336 2029 407 Reipublicae
2043 355 2214 405 partem

524 411 645 470 facit,
659 411 894 460 maiestatis
908 416 1139 480 propriam
1152 428 1245 456 non
1260 408 1356 455 effe:
1371 412 1478 474 quia
1493 409 1707 458 omnibus
1718 406 1808 456 fere
1824 406 2146 474 magistratibus
2160 427 2217 456 ae-

525 480 612 546 que
625 499 672 529 ac
686 485 876 550 Principi
890 477 1547 547 congruit:necmagistratuum
1560 482 1835 526 creationem
1847 495 1946 543 quae
1958 480 2004 525 iu
2014 473 2214 523 subditos

527 555 661 598 etiam
677 554 917 607 conuenit,
932 554 1115 616 quinon
1132 543 1276 595 modo
1292 546 1632 612 magistratuum
1647 547 1874 594 min-istros
1897 545 2026 598 domi
2038 562 2087 592 ac
2099 544 2217 592 mili-

528 623 913 677 tiae,verumetiam
927 615 1041 684 ipsos
1056 614 1334 680 magistratus
1349 615 1545 675 creandi,
1564 614 1747 682 saepeius
1759 614 1937 662 habent.
1975 617 2103 663 Nam
2117 617 2219 662 Tri·

526 689 637 736 buni
655 687 864 736 militares
878 686 1040 752 quibus
1056 684 1247 751 imperiti
1260 702 1307 732 ac
1322 683 1566 731 iurisdictio
1580 681 1778 731 militaris
1791 684 1955 732 tributa
1968 682 2081 742 estst‘.
2093 688 2220 731 Con-

530 755 696 804 sulibus
710 760 844 805 creari
855 751 1388 802 consueuerant.1nterrex
1402 756 1535 800 etiam
1549 756 1834 801 Dictatorem
1849 751 2114 811 dicebat,hic
2129 771 2223 804 ma-

465 843 470 849 ·
526 825 760 891 gistratum
783 827 990 888 equitum
1004 858 1016 879 ,
1039 820 1236 888 denique
1249 819 1432 869 vassallis
1446 859 1458 880 ,
1472 822 1636 888 quibus
1648 826 1691 869 in
1703 822 1873 870 fiduciae
1892 820 2090 869 formula
2102 824 2224 869 artri*

531 895 640 942 buta
652 893 894 942 iurisdictio
910 890 970 938 est
981 928 997 948 ,,
1007 891 1286 958 magistratus
1299 909 1347 938 ac
1359 890 1526 938 iudices
1539 909 1682 939 creare
1697 888 1964 957 licet‚eisque
1976 894 2221 958 imperium

530 964 747 1011 adimere.
783 959 906 1006 Idem
919 959 1213 1012 iudicandum
1224 959 1493 1027 relinquitur
1505 960 1560 1007 de
1575 964 1718 1028 poenis
1732 978 1840 1027 quas
1855 957 1878 1007 31
1894 959 2224 1026 magistratibus
2238 962 2273 1006 B

529 1031 707 1079 decerni
720 1026 923 1075 videmus
937 1048 946 1074 ε
961 1027 1133 1077 tametsi
1147 1029 1416 1097 potestatem
1443 1048 1635 1078 ornnem
1659 1033 1849 1098 Principi
1869 1026 2018 1076 ferunt
2031 1029 2225 1096 accepti.

532 1096 787 1146 Consilium
800 1093 910 1145 item
927 1097 981 1145 de
997 1097 1246 1166 Republica
1258 1115 1410 1165 capere
1423 1099 1484 1144 no
1499 1102 1637 1165 magis
1659 1098 1710 1146 ad
1726 1097 2002 1146 maiestatem
2018 1101 2225 1166 pertinet,

528 1165 664 1234 quim
680 1170 971 1233 praemiorum
984 1186 1033 1215 ac
1046 1185 1281 1235 poenarum
1294 1167 1502 1234 potestas:
1531 1167 1634 1215 cum
1658 1166 1702 1214 id
1717 1170 1953 1235 proprium
1966 1166 2015 1215 fit
2028 1172 2227 1220 Senatus,

529 1240 631 1283 cuiu
641 1255 656 1282 s
675 1233 878 1285 officium
889 1234 914 1282 εὶ
927 1240 1140 1305 Principis
1155 1235 1306 1283 officio
1322 1234 1479 1284 diuisas
1491 1235 1624 1284 habet
1636 1241 1830 1283 rationes
1844 1257 1853 1282 :
1869 1234 2151 1304 potissimum
2164 1253 2229 1284 ta·-

530 1324 637 1353 men
654 1309 698 1351 in
714 1303 1044 1373 popularistatu
1059 1310 1208 1364 ,cuius
1232 1305 1408 1353 summa
1431 1306 1623 1373 potestas
1636 1324 1770 1373 penes
1788 1304 1848 1352 est
1870 1303 2229 1364 multitudinem,

528 1392 631 1441 quae
645 1373 816 1442 semper
833 1373 892 1421 est
907 1372 1096 1422 consilio
1109 1394 1157 1422 ac
1169 1375 1410 1441 prudentiae
1423 1378 1626 1423 inimica.
1663 1378 1725 1422 Ex
1740 1392 1835 1441 quo
1851 1369 2104 1442 perspicitur
2115 1372 2229 1421 nihil

529 1461 695 1496 eorum
709 1443 873 1510 quibus
886 1443 1146 1492 Aristoteles
1163 1443 1514 1512 Rempublicam
1528 1444 1715 1492 cotineri
1736 1445 1862 1503 dixit,
1876 1443 2111 1492 maiestatis
2124 1462 2229 1512 pro—

529 1516 677 1578 prium
691 1511 786 1560 effe.
802 1515 904 1560 Nec
917 1510 1012 1561 satis
1024 1514 1084 1560 est
1097 1512 1141 1560 id
1155 1513 1283 1580 quod
1307 1512 1554 1579 Dionysius
1575 1511 1951 1579 Halycarnaffaeus
1972 1512 2025 1560 de
2052 1515 2121 1560 M.
2137 1518 2231 1563 Va-

531 1580 643 1630 lerio
672 1579 870 1629 Consule
894 1580 1054 1650 scripsit
1066 1580 1244 1648 ,legum
1267 1602 1314 1631 ac
1337 1583 1680 1650 magistratuum
1702 1582 1969 1650 potestatem
1990 1600 2124 1649 penes
2147 1600 2229 1650 po·
2244 1603 2286 1646 C

529 1648 691 1717 pulum
711 1647 837 1698 fuiffe
862 1649 918 1697 ad
940 1651 1178 1700 indicanda
1203 1655 1297 1699 iura
1322 1652 1559 1700 maiestatis
1583 1689 1596 1710 ,
1621 1666 1667 1699 vt
1695 1666 1826 1699 antea
1846 1650 2021 1699 dictum
2042 1650 2104 1698 est
2128 1671 2139 1697 ε
2171 1668 2230 1710 at,

529 1737 586 1767 ne
598 1717 706 1786 legis
719 1718 908 1787 quidem
921 1719 1153 1779 sanciende
1165 1721 1354 1788 potestas
1368 1720 1568 1769 maiestas
1581 1724 1760 1789 propria
1777 1718 1842 1779 sit,
1855 1719 1935 1768 nisi
1949 1724 2156 1788 principis
2169 1719 2232 1769 le-

528 1805 635 1854 gem
648 1787 1074 1856 intelligan1u3‚quia
1084 1790 1427 1857 magistratuum
1437 1788 1509 1851 sue
1521 1808 1709 1857 quoque
1722 1788 1841 1857 leges
1853 1787 2079 1858 fiunt,quas
2091 1794 2136 1836 in
2150 1787 2234 1839 suae

528 1856 712 1904 ditionis
727 1856 937 1917 homines
950 1856 1062 1906 ferre
1076 1859 1302 1927 possunssd
1310 1879 1386 1908 um
1402 1858 1511 1906 nihil
1529 1876 1686 1907 contra
1698 1863 1954 1927 Principum
1970 1857 2087 1925 leges
2099 1858 2236 1906 finci-⁴

532 1930 674 1974 ciatur
687 1944 696 1971 :
710 1928 838 1994 quod
851 1925 1078 1996 vtplanius
1090 1927 1276 1995 intelligi
1288 1926 1432 1996 poffit,
1446 1926 1563 1996 leges
1577 1932 1759 1996 proptia
1773 1927 1836 1975 sui
1847 1932 2109 1996 acceptione
2124 1927 2234 1979 defi·

532 1999 711 2043 niemus
724 1999 843 2045 reeta
855 1995 1041 2047 summae
1055 1998 1285 2066 potestatis
1298 1996 1511 2057 iussa,s1ue
1524 2002 1669 2057 vnius,
1679 1996 1769 2046 siue
1787 1995 2112 2055 omnium‚s1ue
2126 2015 2233 2065 pau-

268 2087 295 2143 p
319 2074 509 2121 Festuqi-nver-
529 2082 695 2112 corum
710 2063 964 2134 sitpotestzts
978 2105 987 2114 .
1029 2072 1140 2114 Sunt
1161 2072 1242 2134 qui
1261 2066 1408 2134 legem
1426 2065 1746 2135 “ziptiuilegio
1759 2066 1978 2125 diuidant,
1994 2065 2124 2133 quod
2145 2071 2232 2134 pri-

275 2124 439 2155 '⁰'¹⁰g³”⁰'
535 2132 753 2201 uilegium
772 2139 899 2184 vnius
922 2134 972 2184 fit
986 2152 1059 2184 aut
1070 2155 1339 2204 paucorum,
1353 2134 1423 2185 lex
1440 2134 1592 2184 ¹autem
1609 2155 1771 2184 omnes
1783 2140 1996 2195 ciues,aut
2009 2134 2124 2183 certe
2137 2153 2234 2184 ma·

535 2206 706 2251 ximam
729 2208 896 2252 ciuium
912 2221 1083 2273 partem
1106 2203 1433 2273 compleotatur
1450 2244 1462 2265 ,
1476 2222 1550 2254 aut
1564 2209 1669 2273 quia
1682 2205 1774 2254 haec
1787 2205 1842 2253 de
1854 2206 1987 2253 rebus
2000 2201 2228 2264 vniuerfis,

534 2268 646 2319 illud
661 2272 715 2320 de
730 2271 910 2340 singulis
924 2272 1140 2333 feratur,s1
1155 2272 1342 2323 consilio
1355 2274 1539 2341 publico
1557 2271 1733 2323 tantum
1748 2275 2022 2333 decernatur,
2042 2273 2088 2321 id
2099 2279 2234 2322 Sena-

538 2340 914 2390 tusconsultumzsi
928 2341 1093 2412 &plebe
1116 2342 1206 2392 sola
1217 2382 1230 2402 ‚
1243 2343 1522 2412 plebiscitum
1538 2345 1666 2411 quod
1679 2363 1826 2412 neque
1839 2347 2047 2412 patricios
2070 2358 2234 2402 teneat,
2248 2362 2294 2409 D

538 2428 689 2477 neque
705 2410 899 2459 nobiles:
913 2411 983 2460 sed
997 2409 1098 2460 cum
1114 2433 1166 2462 ea
1178 2432 1243 2462 res
1259 2412 1461 2461 ciuilium
1479 2412 1756 2463 dissidiorum
1780 2417 2012 2464 materiam
2031 2412 2237 2480 praebeat,

539 2477 829 2547 summopere
843 2482 1097 2530 cauendum
1111 2483 1171 2530 est
1185 2521 1197 2541 ,
1211 2502 1265 2530 ne
1274 2481 1500 2551 plebiscita
1513 2488 1556 2530 in
1577 2481 1826 2552 Republicma
1845 2481 2002 2531 locum
2025 2481 2235 2541 habeant,

541 2546 621 2595 nisi
636 2547 829 2616 populus
842 2551 1066 2599 vniuetsus
1088 2549 1238 2599 iisdem
1252 2552 1517 2601 tenez'ttunid
1529 2553 1657 2619 quod
1672 2556 1835 2601 Romae
1849 2551 1942 2609 fieti
1955 2550 2120 2599 necesse
2131 2548 2230 2604 fuit,

540 2616 641 2685 post
654 2635 809 2684 graues
823 2616 962 2685 plebis
973 2638 1022 2669 ac
1034 2637 1209 2687 patrum
1224 2620 1462 2669 discordias
1480 2660 1493 2681 ‚
1540 2641 1604 2670 uae
1619 2638 1665 2670 vt
1677 2609 1930 2670 sedarentu‘r
1943 2622 2235 2686 M.Horatiut

542 2685 715 2734 Consul
733 2691 900 2754 primus
919 2688 1385 2739 Centurialisvniuersi
1399 2640 1554 2759 popiili
1566 2728 1579 2749 ,
1594 2694 1789 2739 comitiis
1810 2694 2101 2757 rogationem
2118 2687 2237 2747 tulit,

543 2770 590 2804 vt
604 2753 722 2822 plebi
748 2754 941 2804 seorsum
962 2754 987 2804 εὶ
1002 2759 1197 2826 patribus
1212 2769 1256 2807 &
1273 2758 1665 2828 nobilitatelegem
1682 2758 1995 2808 iubereliceret
2007 2754 2150 2825 ez‘tqcie
2162 2777 2238 2827 pa-

542 2828 692 2872 tricios
705 2842 754 2873 ac
769 2824 942 2874 nobiles
958 2843 1140 2876 teneret:
1159 2827 1230 2876 sed
1245 2833 1350 2896 quia
1364 2845 1508 2896 patres
1529 2828 1634 2877 iussa
1649 2827 1789 2897 plebis
1803 2827 1916 2877 ferre
1937 2826 1999 2874 no
2013 2842 2236 2895 poterant,

547 2892 705 2942 eadem
717 2893 784 2942 lex
798 2898 960 2945 iterum
971 2912 1106 2962 atque
1119 2901 1282 2945 iterum
1296 2896 1321 2945 εἶ
1333 2897 1713 2960 Qiortenlio,&
1729 2895 2034 2948 Pub.Philone
2045 2896 2239 2944 dietato-

544 2963 666 3013 ribus
680 2962 767 3010 lata
778 2964 1029 3031 estz‘quibus
1041 2967 1322 3035 temporibus
1335 2965 1557 3035 plebiscita
1568 2968 1654 3016 dici
1671 2966 1875 3026 defierfit,
1890 2965 1961 3014 sed
1976 2965 2105 3033 quod
2115 2963 2240 3034 plebs

546 3029 744 3090 sciuerat,
758 3030 827 3080 lex
838 3031 1046 3101 appellari
1059 3040 1193 3104 coepit
1206 3056 1216 3081 z
1231 3033 1320 3084 siue
1332 3036 1387 3084 ad
1399 3034 1595 3105 singulos
1606 3075 1618 3096 ,
1631 3034 1721 3087 sine
1734 3036 1789 3084 ad
1805 3037 2032 3085 vniuersos
2047 3038 2239 3103 pertine-

546 3116 623 3147 ret.
655 3108 772 3163 Qae
789 3101 896 3150 vero
910 3103 1185 3170 magistratus
1198 3122 1272 3172 per
1284 3103 1364 3152 sese
1383 3105 1586 3155 iufferant
1605 3121 1681 3154 aut
1700 3120 1947 3163 vetuerant,
1962 3103 2107 3157 edieta
2121 3104 2241 3152 dice-

546 3168 723 3230 bantur,
735 3190 829 3219 non
841 3170 979 3240 leges.
1017 3173 1088 3220 Est
1111 3177 1232 3220 enim
1255 3173 1454 3222 edietum
1478 3192 1524 3225 vt
1536 3178 1604 3223 M.
1619 3180 1764 3224 Varro
1779 3174 1948 3232 definit,
1966 3173 2242 3241 magistratus

504 3283 513 3291 ,
547 3236 726 3286 iussum:
752 3241 1030 3291 edicitetiam
1046 3241 1324 3309 magistratus
1341 3240 1444 3291 cum
1459 3244 1694 3293 interdicit.
1717 3244 1882 3292 Edietis
1895 3258 2049 3291 autem
2061 3260 2157 3290 non
2176 3257 2242 3289 te-

547 3308 675 3354 netur
686 3309 877 3359 vniuerfi
889 3349 901 3370 ‚
916 3327 960 3360 at
973 3330 1027 3360 ne
1045 3309 1207 3379 singuli
1223 3311 1510 3379 quidem,nist
1522 3312 1666 3362 sintin
1680 3317 1771 3361 eius
1785 3312 1956 3367 ditione
1969 3315 2047 3380 qui
2060 3310 2246 3360 edixerit

2044 3455 2046 3457 ,
2062 3378 2250 3448 aliquid,
