2358 3951
592 209 682 248 494
1035 187 1320 236 LIBER
1392 184 1850 245 QVINTVS

575 280 748 322 amicos
765 295 820 324 eo
835 277 907 325 die
920 280 1141 325 conuiuio
1156 276 1351 338 excipere
1362 266 1499 317 velle:
1515 287 1611 336 quo
1626 269 1749 333 disto
1763 270 1894 329 abiit,
1915 267 1991 317 hic
2003 270 2197 337 populus
2207 292 2274 325 ara
2338 276 2343 315 ἓ

573 342 675 391 risit.
711 343 823 393 Item
847 344 1071 394 Alcibiadi
1085 346 1360 390 concionem
1384 338 1438 385 ad
1457 337 1683 405 populum
1698 337 1884 388 habenti
1897 345 2106 386 coturnix
2130 340 2152 388 ὲ
2177 341 2272 392 sinu
2325 358 2335 401 ᾗ

576 411 797 466 euolauit:
813 413 1003 482 populus
1016 413 1296 458 coturnicem
1310 406 1580 473 consequi&
1597 424 1769 476 captam
1782 407 1837 454 ad
1849 426 1956 456 eum
1969 404 2151 458 deferre.
2167 402 2276 461 Hoc

308 501 324 518 ⁴
351 489 514 518 Pluurcbu*
577 476 607 528 fi
626 482 901 550 Carthagine
912 480 1076 529 feciffet
1088 476 1619 543 ⁴,lapidaretur.Romani
1632 492 1801 525 tantam
1824 480 2076 524 Oratorum
2089 475 2273 531 leuitate
2323 512 2326 539 3

576 551 765 619 impune
778 551 892 600 certe
910 549 969 596 no
985 546 1297 594 tuliffentzcum
1316 545 1402 595 eti-5.
1414 549 1634 594 Romano
1647 549 1734 594 ciui
1745 550 1823 612 qui
1840 543 1977 613 paulo
1991 543 2117 595 altius
2131 540 2270 616 quam
2324 544 2346 574 Ἴ·

576 622 800 668 Romanae
811 620 1032 686 grauitatis
1050 615 1184 662 decus
1197 612 1439 681 postularet
1451 652 1463 673 ‚
1483 633 1637 662 coram
1652 615 1850 663 Censore
1865 613 2063 663 hiauerat
2076 653 2088 674 ,
2109 622 2202 666 iura
2214 624 2274 668 cr-

306 706 315 727 ς
342 696 473 725 valerius.
576 692 720 735 uitatis
737 689 946 752 adempta
958 683 1070 732 sint5.
1098 689 1348 751 Principem
1362 701 1470 749 ergo
1486 703 1536 731 ac
1552 682 1852 751 legissatorem
1867 683 2027 752 populi
2049 702 2202 738 mores
2223 705 2274 738 ac

573 772 777 805 naturam
790 758 982 822 regionis
994 757 1039 800 in
1052 771 1141 819 qua
1160 758 1311 801 ciuitas
1329 753 1390 800 est
1402 790 1414 810 ,
1437 753 1560 801 noffe
1586 748 1704 821 prius
1729 770 1912 821 oportet
1948 752 2086 820 quam
2115 754 2272 823 leg-um
2341 767 2347 809 j

571 841 648 872 aut
664 830 854 872 ciuitatis
868 821 1215 871 conuersionem
1228 821 1462 870 moliatur:
1479 821 1584 870 cum
1601 822 1654 870 de
1668 823 1885 870 omnibus
1898 825 2274 891 Rerumpublica·

570 912 672 941 rum
685 897 849 941 arcanis
863 890 1037 940 nullum
1054 897 1195 942 maius
1207 890 1257 939 sit
1269 930 1280 950 ,
1302 888 1441 957 quam
1459 892 1516 944 ad
1536 895 1681 940 varios
1699 895 1905 958 gentium
1921 909 2069 941 mores
2085 912 2135 942 ac
2145 910 2276 944 natu-

569 981 632 1010 ras
644 966 834 1009 ciuitatis
846 959 1058 1028 cuiusque
1070 959 1189 1028 leges
1201 979 1250 1009 ac
1262 959 1461 1008 formam
1480 977 1810 1028 congruentem
1821 960 2135 1012 accomodare.
2147 967 2273 1013 Nam
2291 969 2325 1014 B

569 1029 867 1097 quodBaldus
879 1035 1107 1078 rationem
1123 1028 1372 1098 negatlocis
1386 1047 1436 1078 ac
1452 1031 1711 1098 regionibus
1722 1034 1955 1078 terminari
1969 1051 1978 1077 τ
2002 1028 2093 1079 hoc
2116 1036 2177 1081 ita
2196 1052 2272 1083 ve<-

567 1099 748 1151 rumest,
762 1098 843 1148 nisi
857 1099 1069 1148 locorum
1081 1119 1128 1149 ac
1145 1105 1387 1167 regionum
1405 1104 1520 1147 ratio
1533 1100 1739 1166 quaedam
1755 1098 1987 1165 singularis
1999 1097 2120 1149 aliter
2134 1118 2270 1170 atque
2331 1103 2343 1107 ’

14 1153 18 1218 l
563 1167 686 1217 aliter
698 1169 886 1219 statuere
898 1170 1061 1217 iubeat.
1079 1186 1125 1217 vt
1139 1174 1260 1217 enim
1275 1168 1440 1236 sapiens
1454 1167 1719 1216 architeetus
1736 1168 1978 1218 aedificium
2001 1167 2270 1222 diuturnum

12 1251 16 1287 ἕ
564 1255 612 1285 ac
627 1236 781 1286 stabile
792 1235 999 1288 futurum
1012 1238 1066 1286 ad
1083 1238 1334 1287 subiectum
1353 1237 1565 1304 cuiusque
1577 1241 1775 1304 regionis
1789 1243 2022 1298 materiam
2035 1257 2057 1286 a
2093 1255 2182 1289 tare
2194 1241 2270 1293 dei..

11 1308 14 1350 l
567 1307 654 1354 bet:
667 1312 728 1354 ita
742 1326 933 1376 quoque
947 1312 1177 1376 optimum
1193 1312 1441 1376 principem
1460 1310 1647 1355 ciuitatis
1661 1306 1716 1355 ad
1728 1305 1886 1374 populi
1898 1308 2180 1377 regionisque
2193 1329 2270 1360 na-

10 1416 12 1434 2
566 1392 712 1423 turam
734 1376 852 1444 leges
867 1378 1219 1425 accommodare
1234 1394 1416 1445 oportet
1441 1397 1449 1422 ι
1472 1375 1659 1442 quando
1682 1376 1912 1425 nonidem
1931 1378 2146 1426 omnibus
2166 1378 2269 1428 licet
2335 1408 2339 1415 ι

0 1440 13 1494 ζῖ
566 1446 694 1510 quod
708 1447 859 1511 Busyri
873 1451 1197 1514 AEgyptiorum
1212 1453 1302 1513 regi
1318 1464 1457 1512 quern
1469 1445 1679 1508 isocrates
1693 1446 1755 1492 ob
1767 1445 1811 1493 id
1825 1449 1960 1493 etiarn
1973 1445 2268 1498 vehementer

7 1505 12 1558 l
564 1512 873 1583 laudat‚quod
891 1521 1125 1582 regionem
1148 1535 1196 1563 ac
1209 1532 1397 1582 gentem
1413 1522 1629 1562 omnium
1646 1513 1910 1563 maximead
1923 1532 2114 1583 regnum
2137 1517 2268 1566 stabi·
2325 1561 2328 1565 ,

6 1629 8 1648 ἶ
556 1582 755 1632 liendum
770 1583 1035 1653 aptiffimam
1053 1583 1601 1651 conquifiiffet.Principio
1613 1588 1749 1649 igitur
1760 1602 1933 1632 naturas
1945 1604 2106 1633 eorum
2122 1591 2201 1654 qui
2212 1589 2268 1636 ad

6 1652 8 1714 l
560 1652 813 1721 Aquilones
837 1664 879 1703 &
906 1655 1121 1703 Austrum
1146 1653 1276 1719 positi
1299 1656 1396 1701 sunt
1413 1658 1697 1720 inquiramus
1721 1673 1730 1700 :
1761 1653 1923 1701 deinde
1937 1673 2098 1703 eorum
2114 1660 2195 1723 qui
2209 1657 2265 1705 ad

4 1727 8 1787 ζ
563 1728 733 1771 Ortum
749 1733 790 1771 δε
806 1723 1146 1790 Occasumzpost
1162 1732 1298 1771 etiam
1310 1722 1578 1790 singularem
1593 1722 1778 1770 illorum
1791 1724 2264 1792 quiinonte3‚quival—
2287 1725 2327 1774 G

4 1798 6 1836 i
560 1789 621 1839 les
638 1830 651 1851 ‚
675 1798 753 1860 qui
773 1793 976 1861 palustria
987 1832 999 1851 ,
1012 1797 1092 1860 qui
1103 1797 1268 1841 arentia
1283 1792 1382 1840 loca
1395 1831 1408 1851 ,
1437 1796 1516 1859 qui
1541 1796 1786 1840 maritimas
1809 1797 2016 1860 regiones
2037 1793 2264 1855 accolunt,

3 1866 6 1871 '
559 1875 650 1909 tem
659 1863 1141 1929 perationem.Qbus
1155 1860 1379 1929 explicatis
1394 1877 1619 1929 quantum
1632 1859 1860 1928 disciplina
1876 1860 2016 1911 valeat
2026 1863 2080 1911 ad
2092 1870 2264 1913 immu-
2318 1894 2325 1897 -

558 1931 693 1979 tanda
706 1930 952 1980 hominum
966 1937 1147 1998 ingenia
1161 1929 1387 1980 differetur
1401 1970 1413 1989 ‚
1425 1949 1508 1979 nec
1524 1947 1676 1979 tamen
1702 1929 1814 1979 illud
1825 1931 2109 1983 assentiemur
2128 1933 2263 2000 Poly.
2343 1982 2347 1989 ⁴

559 1998 637 2047 bio
653 2009 697 2049 &
713 2000 888 2050 Galeno
903 2006 985 2069 qui
1001 1999 1154 2050 caeliac
1166 2000 1246 2049 soli
1260 2017 1465 2048 naturam
1478 1999 1710 2048 necessaria
1727 1999 1923 2065 quadam
1942 2007 1987 2049 vi
2007 2020 2156 2050 mores
2176 2001 2262 2051 ho·
2310 2022 2335 2058 212

557 2073 736 2118 minum
749 2076 990 2119 immutare
1003 2071 1372 2120 contendunt.Vt
1385 2076 1507 2118 enim
1522 2089 1574 2117 ex
1587 2067 1860 2117 naturalibus
1878 2068 2015 2119 causis
2031 2075 2137 2119 vitia
2146 2073 2262 2125 nasci

559 2136 966 2208 poffint,extirpari
979 2157 1131 2189 tamen
1150 2148 1191 2188 ὃ(
1209 2144 1405 2187 omnino
1421 2137 1542 2191 tolli,
1566 2153 1612 2187 vt
1636 2143 1669 2185 is
1688 2137 1778 2205 ipse
1791 2143 1870 2206 qui
1884 2139 1941 2188 ad
1955 2159 2004 2188 ea
2018 2141 2261 2210 propensus
2325 2159 2342 2191 »4

560 2205 729 2257 fuerita
743 2214 870 2258 tantis
885 2215 1001 2258 vitiis
1013 2225 1255 2267 auocetur,
1277 2227 1374 2256 non
1401 2208 1462 2256 est
1483 2207 1528 2255 id
1546 2205 1744 2274 positum
1757 2212 1803 2255 in
1817 2207 2094 2257 naturalibus·
2106 2209 2258 2265 causss,
2318 2226 2329 2276 ς

561 2274 691 2326 sedin
704 2278 1118 2338 voluntate,studio‚
1130 2276 1474 2346 disciplinazquae
1490 2275 1710 2325 tolluntur
1723 2282 1879 2326 omnia
1891 2276 1923 2326 fi
1936 2275 2178 2327 neceffitati
2189 2278 2260 2328 lo·
2320 2287 2323 2293 ’

560 2364 665 2394 cum
678 2347 850 2397 demus.
866 2354 983 2410 Qae
995 2365 1041 2396 vt
1056 2344 1225 2414 planius
1237 2351 1551 2415 percipiantur,
1566 2343 1782 2397 trifariam
1804 2351 2013 2414 regiones
2024 2349 2078 2396 ab
2089 2352 2262 2416 AEquaae
2357 2362 2358 2373 ³

562 2431 663 2464 tore
682 2417 739 2465 ad
752 2416 866 2467 Polfi
875 2434 972 2466 vtru
981 2436 1120 2485 mque
1141 2417 1413 2465 diuidemus:
1428 2421 1486 2464 ita
1498 2431 1545 2463 vt
1557 2419 1721 2483 cuique
1734 2420 1912 2483 regioni
1926 2432 2067 2485 partes
2079 2416 2171 2468 caeli
2183 2425 2261 2467 tri·
2323 2463 2325 2466 Α

558 2489 683 2550 ginta
695 2487 879 2535 dentur:
893 2504 962 2535 tot
975 2496 1098 2535 enim
1111 2488 1166 2534 ab
1180 2491 1429 2553 AEquatore
1444 2485 1498 2533 ad
1510 2500 1755 2550 Vtrumque
1768 2483 1933 2534 Polum
1949 2503 2257 2538 numerantur:
2276 2488 2326 2547 αὖ

560 2559 705 2620 prima
717 2561 843 2621 regio
857 2575 955 2622 quae
968 2558 1023 2605 ab
1037 2561 1288 2624 AEquatore
1304 2554 1485 2622 propius
1498 2555 1618 2603 abest
1635 2593 1646 2614 ‚
1663 2554 1719 2602 ab
1732 2555 1903 2603 ardoris
1925 2559 2138 2624 inteperie
2156 2557 2256 2605 cali·

556 2622 730 2673 diffima
746 2626 827 2673 effe
844 2627 1027 2684 dicitur,
1049 2643 1094 2674 vt
1106 2645 1205 2693 quae
1221 2626 1274 2673 ad
1287 2623 1574 2691 Aquilonem
1587 2625 1753 2691 spectat
1765 2663 1777 2683 ,
1793 2621 2032 2691 frigiditate
2055 2624 2256 2694 rigidiffi-
2319 2674 2323 2690 ΔΑ

556 2710 629 2742 ma
643 2699 777 2743 :inter
789 2712 1025 2761 Vtramque
1039 2695 1184 2742 calore
1196 2714 1244 2743 ac
1259 2693 1427 2759 frigore
1444 2693 1626 2746 modice
1641 2710 1885 2761 temperata
1901 2698 2140 2744 interiacet.
2159 2713 2254 2744 run
2331 2758 2334 2760 v

551 2758 620 2809 sus
633 2769 839 2831 regiones
852 2762 1040 2831 lingulas
1053 2761 1258 2813 bifariam
1272 2761 1738 2812 subdiuidemusznam
1750 2767 1877 2829 regio
1891 2780 1990 2830 quae
2005 2780 2150 2832 partes
2159 2762 2253 2816 caeli
2301 2759 2324 2814 *f

555 2834 817 2897 quindecim
835 2838 1000 2900 priores
1014 2835 1068 2881 ab
1080 2837 1333 2901 AEquatore
1346 2836 1777 2901 capit‚ternperatior
1788 2832 1992 2890 est‚cc‘›tra
2002 2831 2140 2901 quam
2160 2833 2251 2902 ple·
2307 2854 2323 2883 a·

550 2906 679 2967 rique
692 2921 862 2971 magno
880 2921 1026 2950 errore
1044 2919 1201 2967 putant
1217 2941 1229 2961 ‚
1251 2900 1388 2968 quarn
1407 2919 1505 2969 quae
1517 2905 1726 2969 Tropicis
1740 2901 1936 2968 Vtrisque
1956 2903 2112 2952 subest.
2135 2907 2251 2952 Item

555 2975 682 3036 regio
697 2991 785 3040 que⁴
797 2972 819 3021 a
831 2971 1056 3040 trigesima
1069 2969 1220 3020 circuli
1234 2971 1472 3019 Meridiani
1488 2987 1608 3036 parte
1620 2969 1675 3018 ad
1691 2989 1721 3018 κ·
1737 2990 1760 3017 1.
1779 2989 1821 3018 v.
1841 2971 2252 3039 porrigitur,multo
2304 2982 2315 3034 'J

558 3045 713 3088 mitior
727 3042 787 3089 est
802 3039 938 3109 quam
952 3060 1051 3108 quae
1063 3039 1087 3087 εὶ
1108 3060 1135 3088 x
1154 3060 1175 3087 1.
1194 3061 1236 3088 ν.
1253 3041 1305 3088 ad
1321 3060 1342 3088 1.
1358 3060 1404 3088 x.
1419 3058 1602 3108 propter
1624 3037 1850 3107 Vtriusque
1872 3038 1971 3088 Poli
1983 3046 2250 3111 propinqui-
2311 3066 2332 3109 ¹,

554 3125 704 3157 tatem.
721 3114 842 3159 Hinc
854 3110 907 3159 ad
935 3131 956 3158 r
976 3129 1004 3157 x
1024 3130 1053 3163 x
1072 3131 1113 3158 v.
1129 3114 1336 3176 regiones
1349 3109 1538 3177 quidem
1553 3106 1700 3156 multo
1714 3105 1884 3174 frigore
1899 3114 2068 3177 rigent,
2086 3109 2245 3159 colun·
2304 3110 2320 3120 ᾖ

552 3193 622 3224 tur
635 3194 784 3227 tamen
798 3199 846 3228 ac
860 3179 1139 3247 populorum
1154 3178 1443 3227 multitudine
1455 3177 1697 3226 abundant.
1714 3176 1948 3244 postremo
1972 3184 2098 3247 regio
2113 3184 2246 3248 qu'in-
2314 3205 2318 3208 ’

551 3246 697 3294 decim
713 3256 901 3316 partium
916 3247 1043 3299 caelia
1063 3269 1084 3296 1.
1103 3267 1132 3295 x
1151 3268 1178 3295 x
1198 3248 1308 3295 v.ad
1331 3267 1359 3295 x
1377 3256 1471 3295 αδδ.
1484 3245 1515 3295 si
1527 3250 1722 3296 omnino
1736 3246 1904 3295 deserta
1917 3266 2011 3313 non
2026 3250 2241 3310 videatur,

548 3313 638 3364 illic
654 3334 803 3365 tamen
818 3335 937 3367 tanta
948 3318 1008 3367 est
1021 3315 1197 3386 frigoris
1220 3336 1268 3366 ac
1281 3322 1459 3366 niuiurn
1475 3321 1762 3385 intemperies
1778 3352 1789 3372 ,
1801 3333 1848 3366 vt
1863 3335 1957 3364 non
1969 3317 2065 3366 stitis
2079 3318 2244 3366 como-

990 3392 993 3396 ’
2069 3387 2123 3436 ἀὲ
2135 3391 2241 3448 viui,
2308 3441 2312 3444 ‚
2334 3396 2336 3399 ’
