2358 3951
552 147 622 204 563
1037 128 1361 176 LIBER
1433 123 1898 181 QVINTVS

547 228 642 273 vim
654 220 886 268 latronum
903 221 992 268 ruri
1005 216 1170 266 habere
1194 212 1320 259 liceat
1333 247 1342 263 ,
1357 213 1436 275 qui
1451 227 1519 258 eas
1533 208 1686 257 edictis
1707 224 1907 258 euertere
1924 206 1965 257 se
1977 205 2099 276 posse
2113 220 2251 273 putet,

543 311 609 351 7ος
625 288 697 337 ille
714 287 987 357 Reipublicae
1001 292 1177 334 ruinam
1192 278 1405 335 moliatur
1417 316 1430 337 ,
1442 277 1610 345 semper
1627 285 1842 326 tamenin
1856 281 1987 324 omisi
2002 274 2255 343 Republica

558 359 681 408 licuit
696 377 744 407 ac
756 358 905 406 licebit
919 355 1182 424 praedonum
1195 348 1382 397 latebras
1395 349 1671 415 sempiternis
1684 347 1847 396 :edium
1863 350 1997 394 ruinis
2009 341 2253 393 cumulare.

561 433 714 494 Atque
729 426 820 476 haec
837 426 891 474 de
915 419 1169 472 muniendis
1193 417 1376 465 vrbibus
1393 429 1463 475 ‚ac
1476 414 1584 463 locis
1599 413 1799 483 praesidio
1813 413 1992 463 militari
2015 413 2256 469 firmandis.

559 496 669 545 Belli
685 495 792 544 vero
807 493 945 542 studia
957 493 1234 557 optimatum
1245 490 1395 552 generi
1415 480 1596 534 vtiliane
1622 484 1706 532 sint
1727 501 1782 532 an
1795 483 2053 552 perniciosa,
2067 481 2263 530 dubitari

564 566 727 633 potest.
763 567 885 612 Nam
900 560 928 608 si
943 559 1064 626 plebs
1077 571 1246 604 armata
1257 553 1414 613 fuerit,
1433 551 1611 601 difficile
1627 552 1688 601 est
1703 570 1749 602 vt
1769 558 2048 622 optimatum
2060 554 2261 618 imperia

564 633 675 681 ferre
687 672 699 691 ,
713 642 754 681 ὅ(
769 629 1018 680 honoribus
1032 644 1079 673 ac
1092 628 1281 692 praemiis
1293 622 1468 672 excludi
1480 622 1518 670 se
1532 625 1735 688 patiatur.
1751 622 2102 691 Sioptimatibus
2114 614 2262 667 titum

564 720 685 751 arma
697 702 958 754 tribuantur,
970 711 1057 742 vna
1071 690 1282 746 clade‚vel
1293 691 1494 761 pluribus
1506 690 1613 738 belli
1626 688 1950 739 offensionibus
1975 696 2163 757 acceptis
2186 687 2262 737 de-

565 770 708 828 fernae
721 771 891 836 penitus
906 767 1178 830 extingui,ex
1191 764 1340 829 eoque
1353 761 1516 809 statum
1528 762 1803 827 optimatum
1816 764 1995 808 interire
2007 758 2174 807 necesse
2185 756 2262 815 est,

565 857 611 887 vt
625 836 816 905 superius
831 838 954 882 variis
969 830 1183 900 exemplis
1197 832 1450 879 docuimus.
1471 834 1547 878 Sin
1560 828 1800 877 militarem
1818 827 2089 897 disciplinam
2108 830 2262 874 omni—

567 926 629 955 no
651 902 1183 962 deserant‚finitimorum
1197 900 1495 968 direptiouiac
1519 898 1713 946 ludibrio
1736 898 2019 946 subditorum
2033 887 2308 965 patebuntzss

566 975 643 1022 nisi
655 970 890 1021 :tristissima
905 969 1105 1019 cumillis
1118 968 1327 1017 societate
1340 988 1388 1017 ac
1401 966 1567 1016 foedere
1581 972 1938 1035 coniungantur:
1953 983 2028 1016 aut
2048 966 2178 1014 vrbes
2189 982 2265 1013 ar-

567 1041 722 1109 ce'sque
736 1038 1047 1088 munitissimas
1060 1044 1334 1108 optimatum
1349 1037 1552 1105 praesidio
1568 1052 1770 1085 teneant:
1787 1054 1833 1084 vt
1845 1041 2013 1087 Veneti
2024 1050 2266 1103 coguntur:

565 1130 682 1179 quos
696 1115 981 1158 Contarenus
994 1108 1139 1157 scribit
1153 1107 1294 1155 studia
1321 1105 1427 1155 belli
1449 1125 1498 1154 ac
1522 1105 1761 1154 militarem
1785 1104 2057 1173 disciplinam
2080 1119 2263 1171 propter

567 1199 616 1229 ea
628 1199 727 1247 quae
739 1179 932 1226 diximus
946 1178 1245 1226 incommoda
1259 1174 1506 1225 deseruisse:
1522 1188 1783 1241 quanquam
1798 1173 1889 1223 hoc
1909 1177 2093 1242 ignauiae
2113 1168 2267 1241 potius

566 1247 705 1316 quam
720 1247 815 1296 vllis
828 1247 1037 1296 institutis
1053 1267 1101 1297 ac
1117 1246 1289 1314 legibus
1312 1243 1606 1292 tribuendum
1621 1244 1681 1291 est
1694 1281 1704 1297 ‚
1718 1241 1822 1293 cum
1835 1260 1938 1293 ante
1950 1244 2172 1292 ducentos
2187 1260 2262 1288 an-

564 1336 649 1365 nos
664 1335 758 1366 rem
775 1315 1013 1365 militarem
1029 1315 1204 1365 strenue
1218 1318 1566 1371 tta&auerint,ac
1579 1313 1633 1360 de
1650 1312 1960 1362 Genuensibus
1977 1311 2108 1361 claras
2119 1313 2266 1359 viCto-

563 1390 646 1434 rias
668 1390 992 1454 reportauerint
1004 1424 1013 1433 .
1052 1385 1136 1436 Sed
1148 1389 1261 1453 pacis
1274 1384 1494 1432 diuturna:
1517 1380 1665 1430 suffitu
1694 1392 1736 1431 δε
1752 1387 1852 1430 otio
1874 1381 2082 1431 delectati
2105 1378 2267 1429 bellica

565 1455 710 1504 studia
724 1454 1031 1522 neglexerunt,
1043 1471 1089 1503 vt
1103 1457 1341 1522 peregrinis
1353 1451 1414 1499 no
1432 1449 1576 1500 modo
1591 1450 1823 1511 militibus,
1840 1450 1912 1498 sed
1929 1455 2064 1499 etiam
2077 1449 2266 1499 ducibus

565 1524 772 1573 aduersus
787 1524 936 1572 hostes
951 1523 1215 1592 iampridem
1239 1527 1302 1568 vti
1319 1538 1560 1587 cogantur.
1589 1539 1637 1568 ac
1654 1519 1684 1569 si
1697 1526 1796 1588 quis
1810 1540 1860 1568 ex
1874 1521 2166 1586 optimatibus
2178 1518 2268 1566 stuc·
2333 1582 2336 1587 ι

566 1593 639 1641 dia
656 1592 760 1642 belli
774 1592 1070 1661 aniplectatut
1095 1629 1105 1645 ‚
1128 1609 1202 1640 aut
1225 1596 1566 1660 peregrinorum
1581 1595 1832 1659 principum
1854 1588 2068 1657 stipendia
2083 1601 2268 1657 quaerat,
2326 1586 2333 1594 ”

563 1660 689 1710 hunc
701 1663 754 1710 ab
769 1663 973 1710 instituto
993 1662 1186 1710 domum
1199 1676 1428 1709 reuocant:
1443 1676 1489 1707 vt
1504 1678 1598 1707 non
1616 1662 1675 1706 ita
1689 1660 1864 1728 pridem
1878 1661 2154 1707 Cornarium
2169 1659 2267 1724 opi·
2281 1645 2322 1693 C

566 1732 648 1780 bus
661 1749 710 1779 ac
727 1732 1137 1799 propinquitatibus
1150 1726 1514 1787 florentein,cum
1531 1726 1744 1778 militares
1756 1733 1933 1777 animos
1945 1726 2170 1796 spirare,ac
2183 1731 2269 1775 im·
2347 1723 2350 1728 ⁴

564 1800 747 1868 perandi
759 1800 970 1848 auiditate
984 1800 1180 1867 quadam
1196 1802 1338 1846 teneri
1350 1798 1573 1847 videretur
1585 1794 1631 1856 ,a
1651 1801 1901 1865 principum
1927 1801 2270 1865 peregrinorum

564 1870 889 1918 consuetudine
904 1867 1151 1917 sedu'xei‘t'it.
1184 1865 1318 1916 Certe
1333 1868 1518 1935 quidem
1533 1866 1717 1935 periculi
1732 1866 1860 1936 plena
1870 1885 1936 1915 res
1949 1866 2009 1915 est
2022 1867 2270 1914 exercitum

561 1941 851 2005 peregrinum
868 1957 916 1986 ac
936 1938 1098 1986 ducem
1120 1941 1407 2004 peregrinum
1423 1939 1676 1985 conducere
1690 1975 1703 1996 ,
1717 1938 1882 2004 quibus
1899 1935 2040 2004 praesit
2054 1933 2271 1985 domesti-
2343 1969 2351 1975 «

564 2026 638 2054 cus
654 2012 901 2075 Imperator
916 2028 925 2052 :
940 2004 1045 2055 cum
1076 2011 1317 2074 imperium
1338 2003 1529 2054 militare
1554 2009 1599 2052 in
1625 2023 1703 2054 eos
1724 2011 1802 2073 qui
1817 2003 1897 2053 nisi
1908 2004 2046 2053 velint
2060 2008 2272 2072 coginon

564 2076 757 2143 possunt,
769 2080 896 2123 inane
912 2075 1021 2124 sirac
1036 2075 1192 2125 inutile
1205 2073 1426 2123 futurum.
1442 2114 1444 2118 ,
1465 2074 1832 2141 Carthaginenses
1847 2074 2036 2141 quidem
2054 2073 2270 2121 nondum

565 2144 747 2192 militari
760 2143 982 2211 disciplina
996 2145 1090 2192 satis
1104 2145 1320 2202 instruffiti,
1334 2144 1468 2192 duces
1480 2145 1849 2193 Lacedaemonios
1866 2143 2070 2192 arcessere
2083 2141 2271 2200 solebit,
2334 2199 2339 2206 ¹.

565 2218 645 2279 qui
660 2219 900 2261 exercitum
918 2212 1307 2281 Carthaginesium
1321 2213 1533 2261 ducerent
1553 2212 1631 2260 sub
1644 2218 1919 2281 Imperatore
1934 2211 2271 2279 Carthaginen-

567 2281 852 2350 sissnunquam
867 2300 1019 2332 tamen
1034 2287 1224 2331 exercitu
1240 2302 1289 2330 ac
1303 2282 1415 2330 duce
1431 2286 1670 2349 peregrino
1687 2282 1906 2331 Vtendum
1923 2279 2004 2329 sibi
2016 2280 2271 2350 putauerfiti
2337 2300 2339 2307 ‚

567 2370 623 2399 ne
637 2350 902 2420 Respublica
919 2356 963 2399 in
979 2357 1319 2421 peregrinorum
1336 2352 1604 2418 potestatem
1621 2350 1895 2400 veniret.Sed
1912 2353 2080 2400 Veneti
2094 2349 2185 2398 loci
2197 2366 2275 2396 na-

568 2419 951 2489 tura,oppidisque
964 2441 1012 2471 ac
1027 2419 1375 2489 propugnaculis
1389 2417 1695 2478 munitissimis
1713 2423 2034 2480 tuti‚exercitus
2047 2420 2270 2487 peregrini
2286 2415 2351 2478 Dp

571 2486 727 2537 fraude
741 2488 809 2537 vel
834 2494 1010 2557 ignauia
1032 2493 1147 2538 vinci
1170 2490 1346 2557 possunt
1359 2528 1371 2548 ,
1398 2490 1451 2538 de
1464 2494 1659 2557 Imperio
1672 2494 1849 2558 penitus
1862 2486 2089 2537 deturbari
2103 2506 2198 2536 non
2210 2484 2274 2536 fa-
2331 2479 2352 2537 ’,ἶ

569 2557 649 2606 ςίΙὲ
662 2558 853 2625 possunt.
880 2559 1130 2607 Seditiones
1144 2557 1250 2608 vero
1267 2558 1415 2606 ciuiles
1426 2574 1517 2608 arte
1533 2558 1710 2607 militari
1721 2557 1887 2607 deserta
1901 2556 2009 2627 saepe
2021 2557 2277 2623 declinaue-¹

567 2645 618 2675 ru
626 2626 796 2675 ntzcum
810 2643 935 2675 antea
948 2632 1317 2676 coniurationum
1333 2645 1382 2676 ac
1395 2625 1688 2677 secessionum
1701 2626 1903 2676 ciuilium
1915 2626 2128 2676 ssucC‘ribus
2140 2623 2277 2694 saepis-

569 2695 680 2743 fime
694 2699 973 2745 iaAEtarentur.
993 2701 1060 2749 Ac
1073 2697 1293 2764 siquidem
1307 2695 1426 2746 bella
1437 2715 1530 2756 non
1545 2696 1624 2746 nisi
1638 2694 1944 2765 propulsanda:
1957 2699 2127 2745 iniuriae
2142 2714 2191 2743 ac
2200 2713 2277 2765 pa-

570 2768 627 2813 cis
642 2763 839 2816 fruendae
851 2766 974 2813 causa
985 2764 1253 2834 suscipienda
1265 2765 1433 2814 suntme
1442 2767 1572 2814 beata
1585 2771 1738 2815 ciuitas
1751 2766 1834 2815 esse
1851 2770 2032 2834 putetur
2042 2804 2056 2825 ‚
2067 2784 2167 2834 quae
2180 2782 2275 2834 pat*

567 2848 614 2881 ta
628 2851 732 2900 pace
746 2834 828 2883 suis
842 2834 1002 2882 finibus
1017 2850 1231 2883 contenta
1245 2833 1294 2883 sit
1308 2855 1317 2881 :
1332 2833 1538 2903 profesto
1552 2833 1818 2904 Respublica
1840 2841 2129 2886 Venetorum
2147 2835 2276 2883 beata

569 2902 797 2962 videatur,
811 2921 909 2970 quae
923 2922 1016 2950 non
1035 2901 1180 2951 modo
1193 2902 1536 2972 Imperijsedem
1557 2909 1603 2952 in
1626 2903 1732 2953 loco
1751 2912 1903 2952 arue'ac
1923 2908 2275 2972 natura-inexpw
2340 2916 2355 2937 -’

569 2970 739 3038 gnabili
750 2971 1104 3021 collocarit2veru
1114 2978 1299 3021 metiam
1313 2977 1354 3038 in
1373 2977 1634 3022 continente
1645 2992 1763 3022 arces
1775 2972 1830 3021 ad
1843 2977 2020 3042 Imperij
2036 2973 2275 3022 adiumen-

569 3053 671 3086 tum
684 3040 812 3089 valde
830 3058 1107 3109 opportunas
1129 3046 1258 3089 tantis
1271 3041 1478 3109 praesidiis
1490 3042 1697 3101 firmarit,
1709 3044 1851 3090 vtnec
1863 3042 2062 3091 hostium
2078 3047 2277 3111 impetus
2326 3068 2337 3088 a

573 3107 699 3161 valde
718 3126 917 3159 metuere
930 3109 1110 3169 debeat,
1125 3118 1169 3163 ὃς
1187 3110 1388 3159 subditos
1408 3115 1606 3179 imperiis
1617 3130 1665 3160 ac
1675 3110 1985 3178 legibusfacile
1998 3120 2113 3160 tueri
2125 3107 2274 3179 possiti

574 3178 853 3245 Propagandi
867 3178 974 3227 v‘ero
991 3183 1169 3247 Imperij
1183 3199 1333 3228 curam
1348 3185 1523 3247 penitus
1537 3180 1764 3233 omiserfit,
1779 3185 2029 3246 quinetiam
2044 3180 2276 3229 bellorum

574 3246 717 3311 causas
739 3266 899 3303 omnes
922 3245 1250 3309 studiosiffime.
1263 3248 1488 3299 declinant
1503 3271 1514 3297 ε
1532 3259 1575 3298 ὅ(
1596 3248 1722 3299 illata
1737 3248 1999 3299 difficillime
2018 3248 2275 3318 suscipiunts
2311 3302 2313 3305 ¹

905 3338 913 3343 ·
1003 3342 1006 3344 ’
2082 3318 2277 3387 suscepta

2347 222 2358 389 ς-ιφοφττιι-Γῖ
2347 195 2351 209 ·<
2346 153 2358 185 2⁷„
2347 138 2351 142 ·
2346 120 2348 122 ⁴

2342 2600 2350 2622 l
