2358 3951
582 163 693 208 DE
761 165 1338 212 REPVBLICA.
1734 193 1801 229 219

120 253 267 297 maior
277 267 372 318 pars
385 247 550 313 vbique
564 251 718 313 potior
734 248 794 295 est
804 286 816 306 ‚
834 249 1030 316 sequitur
1042 265 1089 297 vt
1110 247 1330 316 sexaginta
1343 252 1590 301 concordes
1602 293 1613 312 ‚
1627 254 1803 325 reliquis

122 318 429 385 quadraginta,
445 332 545 363 tum
559 314 756 383 lingulis,
769 333 867 364 tum
880 317 1105 377 vniuerfis,
1119 321 1333 387 imperare
1346 317 1510 387 possint
1526 342 1534 367 :
1550 323 1627 370 nili
1639 323 1734 390 lege
1749 327 1803 375 de

120 388 346 436 maiestate
360 386 444 434 lata
456 400 675 443 caueatur,
688 402 733 431 vt
748 385 840 432 duo
856 390 1025 434 ciuium
1037 393 1216 437 trientes
1228 392 1340 436 inter
1351 389 1390 437 se
1405 388 1711 452 cosentientcs,
1724 416 1804 444 ca·-

119 463 220 505 teris
234 461 431 524 potiores
444 452 529 501 {int
543 491 555 511 ‚
569 453 966 520 quemadmodum
988 461 1033 502 in
1049 459 1259 506 omnibus
1273 457 1361 506 fere
1376 456 1676 525 collegiorum
1695 462 1799 523 legi-

119 527 201 574 bus
214 525 483 572 acinstitutis
498 522 1023 591 fpraecipividemuzqua
1037 527 1172 592 quide
1188 532 1361 590 ratione
1373 528 1589 594 sexaginta
1607 519 1801 596 quatuor
1826 543 1834 584 ¹,
1856 533 2064 591 ¹·*1ssf1P-1a1ffl

116 599 233 642 ciues
247 592 427 659 reliquis
440 595 619 656 triginta
631 590 699 639 sex
712 590 953 658 superiores
967 611 1106 641 erunt.
1124 601 1260 663 Igitur
1272 602 1315 643 in
1330 601 1604 665 optimatum
1620 600 1729 647 statu
1745 606 1803 648 ci-
1825 583 1863 601 Q
1920 584 1950 601 M
1963 587 2051 605 ‘mm'

113 667 241 711 uium
254 666 522 730 paucitatem
535 659 725 726 spectare
739 659 849 707 nihil
863 661 922 708 est
935 663 1268 721 neceffe,modo
1280 670 1308 728 ij
1325 671 1402 732 qui
1415 671 1458 712 in
1472 684 1640 726 ceteros
1654 669 1804 716 domi—

111 738 348 780 nationem
359 729 525 778 habent
537 729 731 777 dimidio
747 735 975 797 pauciores
988 729 1071 777 lint
1084 734 1307 782 vniuetlis.
1337 739 1461 783 Nam
1475 735 1505 784 si
1521 736 1679 785 demus
1702 758 1804 786 cen-

113 817 212 849 tum
228 798 366 848 millia
380 803 552 848 ciuium
564 802 610 845 in
621 797 886 866 Republica,
900 819 951 846 ex
966 800 1128 865 quibus
1141 801 1295 850 decem
1313 802 1450 853 millia
1463 810 1624 854 cacteris
1650 812 1804 854 omni-

111 871 192 919 bus
205 868 455 938 imperandi
465 872 530 916 ius
541 866 732 916 habeant
745 904 755 920 ‚
768 867 951 936 perinde
964 869 1248 918 Aristocratia
1263 872 1456 932 dicetur,
1471 892 1515 922 vt
1529 873 1559 922 fi
1577 895 1627 922 ex
1643 876 1800 924 decem

13 950 16 952 ’
54 950 90 994 Β
112 938 309 988 millibus
323 943 493 986 ciuium
510 935 632 985 mille
646 938 819 985 ciuibus
834 941 1076 1005 imperium
1094 938 1242 986 detur:
1256 948 1415 989 namin
1433 960 1626 1011 Vtroque
1640 964 1801 994 nume-

109 1028 162 1056 ro
177 1009 353 1057 decima
365 1025 458 1076 pars
473 1012 517 1054 in
531 1004 728 1074 reliquos
743 1025 903 1054 omnes
914 1011 1158 1074 imperium
1173 1006 1307 1056 babet
1322 1049 1332 1068 ‚
1346 1030 1447 1058 nam
1463 1012 1557 1080 quo
1570 1020 1799 1081 pauciores

108 1076 286 1136 fuerint,
301 1076 356 1126 eo
369 1076 566 1124 stabilior
578 1081 657 1124 erit
669 1095 718 1123 ac
730 1076 984 1124 diuturnior
998 1080 1218 1143 optimam
1228 1097 1270 1124 m
1286 1079 1418 1126 status
1433 1121 1444 1139 ‚
1458 1081 1600 1130 modo
1615 1102 1668 1132 ne
1683 1082 1799 1133 diffi-

110 1145 447 1214 deantaseipsi.
480 1150 607 1194 Nam
622 1143 890 1194 Pharsalioru
901 1164 944 1192 m
969 1153 1013 1192 &
1035 1146 1488 1196 Lacedaemoniorum
1510 1151 1804 1219 Respublica‘,

110 1235 304 1284 quarum
318 1214 449 1264 altera
459 1219 621 1283 viginti
638 1252 649 1273 ‚
671 1213 802 1263 altera
823 1218 1002 1281 triginta
1022 1216 1137 1262 ciuifi
1150 1220 1366 1284 principes
1381 1239 1430 1264 ex
1446 1225 1625 1287 optimis
1641 1220 1729 1270 fere¹
1742 1224 1803 1271 se-

105 1284 251 1334 Ιεᾶοε
266 1284 425 1334 habuit
439 1323 451 1343 ‚
465 1285 707 1332 exinfinito
720 1283 832 1352 pene
846 1287 1014 1332 ciuium
1036 1302 1230 1332 numero
1244 1324 1255 1344 ‚
1275 1285 1513 1335 diutissime
1537 1280 1799 1341 floruerunt.

107 1355 353 1423 Epidauriis
368 1357 802 1420 centumostoginta
822 1374 872 1401 ex
896 1353 1112 1401 omnibus
1125 1356 1298 1403 ciuibus
1312 1359 1618 1424 imperabant2.
1657 1367 1800 1410 Vetus
1822 1386 1835 1402 ι
1870 1378 2012 1408 mamm„
2032 1388 2053 1410 Α,

108 1429 220 1472 item
232 1420 572 1472 Massiliensium
589 1421 855 1490 Respublica
867 1422 920 1470 ad
936 1419 1055 1469 littus
1070 1422 1296 1472 Celticum
1310 1463 1322 1483 ‚
1336 1431 1548 1474 omnium
1566 1447 1799 1497 quotquot
1817 1418 2055 1489 Lsssfflcffiss'mb

108 1493 296 1561 vsquam
311 1497 550 1541 extiterunt
564 1495 736 1540 Rerum
745 1491 1043 1559 publicarum,
1056 1493 1223 1541 iudicio
1238 1499 1486 1554 Ciceronis,
1504 1498 1676 1564 optime
1690 1518 1797 1546 con-

108 1562 547 1621 stituta3,sexcentos
560 1561 741 1609 summo
756 1560 1300 1629 impei·iopraefecerat‚ex
1321 1565 1483 1631 quibus
1505 1581 1601 1612 tum
1625 1565 1795 1615 senato-
1816 1599 1825 1622 3
1849 1594 1952 1621 <aira

106 1651 171 1680 tes
185 1632 444 1681 creabantur
459 1649 557 1679 tum
571 1636 704 1680 etiam
720 1631 982 1698 quindecim
1005 1633 1283 1698 magistratus
1296 1672 1308 1692 ‚
1322 1635 1483 1700 quibus
1498 1634 1663 1682 tresuni
1676 1633 1796 1703 quasi

45 1703 85 1746 C
107 1707 317 1750 Praetores
333 1702 571 1768 praeibant.
600 1702 725 1748 Idem
747 1700 964 1750 iudicium
990 1702 1049 1750 est
1070 1700 1365 1750 Rhodiorum
1384 1722 1432 1751 ac
1451 1702 1799 1764 Thebanorum,

102 1771 399 1840 posteaquam
416 1769 834 1839 populareimperisi
857 1771 909 1819 ad
925 1769 1242 1839 locupletiores
1264 1771 1417 1819 rediit:
1436 1791 1531 1839 quo
1547 1772 1657 1821 nihil
1674 1792 1800 1821 coni-

104 1840 285 1888 modius
300 1840 394 1887 ficri
410 1839 554 1907 potest
567 1878 579 1898 ‚
594 1838 622 1886 fi
638 1843 802 1907 optimi
814 1844 928 1887 ciues
941 1838 1093 1888 haberi
1109 1860 1202 1887 non
1221 1839 1394 1908 possint.
1414 1846 1568 1909 Itaque
1581 1841 1800 1891 Trlami-

103 1914 203 1957 nius
214 1907 470 1978 proconsul,
482 1913 629 1976 inquit
643 1913 791 1957 Liuius
802 1917 821 1942 4
834 1947 846 1967 ,
861 1928 958 1957 eam
971 1926 1143 1978 partem
1157 1914 1390 1958 ciuitatum
1405 1909 1634 1961 Thessaliae
1650 1919 1798 1980 potio-
1819 1937 1831 1959 4
1858 1926 1894 1954 11¹0
1909 1938 1945 1960 a

104 1997 202 2027 rem
218 1977 415 2037 fecit‚cui
429 1977 544 2027 salua
557 1974 891 2045 tranquillaque
908 1983 1065 2026 omnia
1078 1983 1217 2046 magis
1233 1979 1314 2027 effe
1329 1980 1617 2047 expediebat.-
1643 1987 1799 2044 Qam

102 2051 329 2096 rationem
347 2048 710 2096 AndraeasDoria
725 2051 770 2094 in
791 2047 1131 2096 constituendas
1157 2048 1466 2097 Genuensium
1480 2049 1728 2118 Republica
1741 2051 1798 2100 se·
1821 2083 1831 2109 ς
1859 2085 1938 2103 ³an
1953 2083 2025 2108 ης.

104 2132 231 2166 cutus
243 2118 433 2165 videtur.
460 2122 497 2164 Is
520 2121 641 2164 enim
656 2116 710 2164 de
723 2120 893 2164 ciuium
907 2116 1118 2165 conlensu
1140 2116 1326 2165 familias
1347 2122 1457 2166 octo
1470 2137 1519 2168 ac
1531 2125 1691 2187 viginti
1704 2138 1801 2169 tum

103 2206 158 2234 ex
183 2185 418 2235 nobilitate
441 2224 453 2245 ‚
478 2202 578 2233 tum
604 2205 655 2234 ex
679 2184 859 2253 plebeiis
881 2205 1041 2235 eorum
1066 2190 1232 2234 ciuium
1256 2185 1417 2254 quisex
1439 2192 1482 2234 in
1504 2189 1611 2237 vrbe
1635 2189 1802 2237 domos

99 2253 332 2314 haberent,
347 2261 408 2302 im
415 2259 523 2323 perij
540 2259 769 2323 participes
781 2253 884 2303 fecit
896 2294 908 2313 ‚
921 2275 968 2304 ac
979 2253 1178 2323 plebeios
1191 2274 1344 2304 earum
1361 2254 1630 2306 familiarum
1646 2257 1730 2306 lata
1741 2258 1804 2307 le·
1821 2267 2018 2306 Gemtrvffltm

99 2343 157 2392 ge
170 2324 740 2392 nobilitauitzoptimatibus
753 2329 812 2372 ita
824 2324 1077 2394 conscriptis
1090 2329 1134 2372 in
1147 2323 1345 2392 singulos
1358 2345 1498 2373 annos
1515 2331 1631 2376 ciues
1645 2328 1801 2386 decem
1813 2315 1924 2355 status·

102 2413 154 2441 ex
169 2395 426 2463 opibu8‚aut
437 2398 695 2451 virtutc,aut
709 2393 944 2442 nobilitate
958 2395 1207 2462 cooptandi
1220 2395 1488 2462 potestatem
1503 2394 1619 2445 fecit.
1631 2402 1799 2446 Conci-

37 2463 83 2507 D
103 2461 215 2511 lium
230 2483 281 2512 ex
295 2463 590 2531 optimatibus
609 2483 632 2510 c
645 2483 667 2510 c
679 2483 702 2510 c
714 2462 1028 2531 c Reipublic2e
1041 2468 1087 2510 in
1103 2462 1298 2531 [iugulos
1310 2483 1451 2512 annos
1463 2466 1625 2533 praefici
1638 2465 1799 2525 voluit,

103 2550 303 2600 quorum
317 2530 528 2599 suffmgiis
539 2537 646 2579 Dux
660 2529 745 2599 ipse
761 2540 803 2579 ὃς
817 2529 1083 2594 odorra-san
1101 2532 1215 2581 duos
1232 2552 1373 2581 annos
1390 2550 1652 2583 crearentur:
1671 2536 1798 2603 quod

84 2592 291 2669 ’quidem
305 2600 550 2668 collegium
564 2605 886 2649 octouirorum
903 2621 1006 2650 cum
1021 2605 1218 2670 principe
1231 2640 1242 2661 ,
1257 2602 1626 2652 dominationem
1647 2602 1794 2672 appel-

99 2669 203 2730 lant,
245 2675 432 2720 uoniam
445 2674 641 2718 maxima
655 2688 850 2737 quaeque
862 2675 908 2717 in
921 2669 1170 2738 Republica
1183 2675 1365 2720 traCtare
1378 2671 1793 2721 consueuerintznili

100 2741 220 2807 quid²
256 2745 399 2788 rauius
416 2755 646 2797 occurrat,
662 2739 790 2806 quod
803 2745 986 2792 Senatus
1001 2744 1317 2806 cognitionem
1341 2739 1563 2809 postulare
1577 2741 1789 2789 videatur.

100 2814 284 2858 Senatus
304 2825 460 2857 autem
480 2824 662 2857 centum
679 2812 884 2856 virorum
905 2806 1117 2876 suffragiis
1144 2809 1330 2867 occultis
1353 2815 1627 2880 optimatum
1646 2814 1690 2859 in
1707 2809 1792 2857 sin-

101 2877 234 2944 gulos
247 2897 388 2927 annos
408 2882 543 2926 creari
557 2876 680 2925 solet.
708 2881 940 2936 Octouiri,
953 2882 1111 2926 exacto
1127 2877 1678 2946 magistratu,Reipublicae
1693 2895 1794 2926 toto

101 2948 287 2995 biennio
301 2961 613 3015 procuratores
630 2945 742 2994 sunt:
758 2964 807 2995 ac
820 2945 1030 3014 deinceps
1042 2951 1088 2994 in
1102 2951 1426 2997 0&ouirortini
1441 2946 1799 3015 collegisiſsiuan-

103 3015 179 3063 diu
199 3015 722 3080 vixerint,admittuntur
739 3014 962 3082 :quivero
976 3016 1108 3064 duces
1121 3034 1339 3077 creantur,
1355 3021 1797 3085 perpetuain‚exa<53:o

105 3085 361 3151 magistratu
374 3121 385 3137 ,
401 3085 676 3153 Reipublica:
690 3089 1055 3151 procurationem
1072 3084 1239 3134 habent
1250 3125 1263 3145 ‚
1277 3096 1320 3134 &
1338 3086 1392 3134 ad
1406 3083 1650 3151 collegium
1664 3090 1797 3134 odro-

105 3158 310 3202 uirorum
324 3152 494 3220 semper
505 3154 716 3202 aduocari
728 3151 895 3203 solent..
919 3160 1131 3204 Praeterea
1142 3160 1461 3224 imperatorem
1474 3152 1561 3201 vna
1577 3173 1679 3202 cum
1693 3159 1797 3202 Tri-

103 3223 233 3270 bunis
252 3220 518 3271 militaribus.
533 3222 828 3290 quadraginta
839 3259 851 3274 ,
865 3227 945 3289 qui
958 3224 1334 3291 aamuapotestate
1348 3223 1524 3272 vrbanis
1540 3221 1798 3290 legionibus

105 3291 352 3364 praeessent,
366 3289 520 3343 iisdem
534 3295 812 3359 optimatum
823 3289 1034 3362 suffragiis
1047 3292 1144 3343 fieri
1154 3293 1337 3363 placuit.
1383 3291 1532 3356 Qod
1552 3292 1607 3342 ad
1627 3292 1797 3341 iurisdi-

106 3373 108 3377 '
1508 3376 1525 3408 t
1573 3383 1597 3410 Ζ.
