2358 3951
539 214 620 253 666
1036 201 1323 252 LlssER·
1399 195 1757 249 SEXTVS

520 293 639 340 ribus
653 288 918 358 grauissimis
931 290 1065 339 vsuris
1079 288 1333 336 foeneratur.
1369 285 1506 335 Vnde
1528 289 1650 333 tanta
1669 288 1734 333 vis
1749 289 2043 354 pecuniarum
2061 285 2216 338 coacta

524 362 600 419 est,
617 377 662 409 vt
678 362 865 411 Insulam
881 359 1112 412 Corsicam
1126 375 1173 403 ac
1185 355 1345 422 praedia
1357 353 1536 424 publica
1549 357 1746 403 omnino
1757 355 1989 424 redempta
2000 355 2096 405 sint.
2121 362 2216 407 Pri*

524 434 615 478 uati
631 435 905 496 quincunces
920 428 1060 476 vsuras
1079 425 1168 473 sine
1181 423 1273 472 vllo
1291 424 1491 491 periculo
1506 424 1636 472 sortis
1651 426 1914 492 Georgiano
1929 423 2127 492 collegio
2140 445 2211 476 cre

521 501 622 547 dere
636 497 825 557 malunt,
841 497 978 565 quarn
995 494 1018 542 a
1034 498 1227 560 priuatiS,
1241 497 1321 560 qui
1332 491 1559 562 saepissime
1574 492 1680 541 foro
1693 493 1860 541 cedunt
1871 491 1966 552 ,vel
1977 491 2215 544 fortunari}

518 570 736 620 iacturam
757 572 999 636 patiuntur,
1013 563 1187 611 vsuram
1202 569 1410 630 accipere>
1424 566 1695 629 grauiorem.
1711 580 1818 611 nam
1839 560 2085 631 collegium
2105 562 2217 614 illud

517 637 642 685 bona
654 637 740 685 fide
753 636 891 684 vsuras
904 633 974 680 sua
999 649 1182 699 quaque
1207 631 1279 679 die
1303 630 1394 681 fine
1408 649 1538 679 mora
1552 628 1764 679 diffo'luit.
1803 636 1972 683 Veneti
1997 631 2105 682 vero
2118 652 2215 682 non

519 705 677 754 eadem
691 705 774 753 fide
785 698 906 751 §lura
929 705 1108 769 priuatis
1119 699 1290 748 debitas
1302 699 1475 751 soluiffe
1495 700 1703 748 videmus
1716 720 1726 746 :
1739 697 1811 749 sed
1822 700 2041 753 vetustate
2052 701 2216 752 seusun

520 771 662 827 vsuras
674 779 718 822 in
730 771 894 820 sortem
907 770 1140 838 imputasse
1150 773 1203 816 iis
1219 768 1425 836 quiolim
1437 768 1575 818 beffes
1597 767 1789 838 stipulati
1799 768 1988 819 fuerant.
2018 775 2079 820 At
2091 790 2216 840 reges

518 844 694 895 nostros
713 836 923 891 rariffime
944 838 1324 908 accepiffe‚rarius
1348 845 1485 888 etiam
1509 838 1675 888 dediffe
1693 835 1861 888 foenori
1880 845 2093 908 pecunias.
2107 838 2218 909 legi-

521 931 632 960 mus⁶
659 913 1042 977 PrimuS,opinor,
1065 907 1313 957 Cardinalis
1331 911 1600 957 Turnonius
1619 905 1840 957 Italorum
1861 927 1949 976 ope
1969 908 2219 961 confilieve

249 1008 264 1027 ⁶
286 1010 435 1037 ann01543·
519 978 744 1029 Francisco
761 1000 791 1026 1.
809 983 902 1046 regi
924 976 1130 1047 persuasit
1149 981 1171 1009 ⁶
1184 982 1445 1047 vtpecunias
1458 978 1700 1026 moderato
1717 975 1894 1027 foenore
1904 986 2147 1048 acciperet,
2169 998 2218 1029 ac
2233 990 2280 1042 R

516 1048 725 1115 Lugduni
738 1047 854 1096 statis
872 1047 1179 1096 nundinarum
1192 1049 1473 1117 temporibus
1495 1047 1640 1097 vsuras
1652 1045 1937 1097 solueretz'ita
1947 1045 2153 1098 futurum
2170 1064 2220 1099 vt

516 1118 733 1166 Italorum
759 1136 808 1166 ac
833 1119 1174 1175 Germanorum
1197 1136 1306 1186 opes
1328 1118 1455 1166 breui
1477 1114 1895 1184 cogeret,hostibus
1915 1122 2113 1186 eriperet.
2127 1116 2220 1168 hoc

513 1192 646 1234 etiarn
659 1187 873 1255 agebatur
885 1203 932 1236 vt
946 1186 1195 1239 Cardinalis
1208 1204 1452 1235 aureorum
1466 1203 1652 1235 centum
1666 1184 1807 1237 millia
1818 1183 2031 1235 tutiffime
2048 1186 2219 1237 foenori

511 1255 701 1315 daret,ac
713 1259 879 1305 sortem
899 1260 1080 1324 quoties
1091 1254 1458 1324 vellet‚repeteret
1470 1276 1481 1303 ι
1493 1259 1637 1304 caeteti
1659 1274 1756 1303 non
1780 1260 1905 1319 item.
1923 1272 2160 1306 accurrunt
2178 1258 2218 1306 Ιιᾖ

512 1323 586 1374 tali
612 1344 662 1374 ac
677 1329 894 1375 Germani
910 1342 1183 1375 mercatores
1196 1364 1209 1384 ,
1224 1323 1463 1373 Gallorum
1479 1330 1615 1374 etiam
1628 1323 2036 1393 'quamplurimizita
2047 1331 2227 1394 paucos

512 1395 612 1462 post
624 1414 764 1444 annos
782 1393 921 1463 quam
937 1411 1144 1444 mortuus
1156 1395 1216 1443 est
1230 1395 1474 1443 Franciscus
1485 1432 1497 1454 ,
1514 1394 1603 1442 sors
1626 1409 1671 1442 n.
1684 1412 1928 1443 aureorum
1942 1393 2079 1444 millia
2091 1393 2223 1465 supe*

513 1465 647 1513 rabat:
661 1482 759 1532 quae
772 1484 824 1513 ex
835 1470 988 1514 aerario
1002 1469 1199 1532 pecuniis
1213 1461 1496 1512 refertiffimo
1509 1463 1745 1513 diffoluere
1759 1460 2138 1533 potuiffetznoluit
2152 1481 2217 1513 ta·-

512 1551 618 1582 men
630 1571 643 1592 ‚
656 1533 733 1583 etfi
750 1552 832 1582 nec
843 1538 1041 1603 pecuniis
1053 1531 1324 1601 Respublica
1337 1549 1487 1601 egeret
1499 1573 1510 1594 ,
1523 1542 1566 1582 &
1585 1551 1689 1582 cum
1703 1534 1920 1582 omnibus
1944 1534 2217 1602 principibus

509 1618 584 1651 aut
599 1601 748 1653 foedus
760 1620 836 1652 aut
850 1622 1005 1671 pacem
1018 1603 1373 1651 iniuiffet.secuta
1385 1603 1445 1651 est
1459 1600 1839 1652 calamitofiffima
1849 1602 2108 1651 dominatio
2120 1606 2218 1652 He-

509 1676 590 1720 rici
610 1672 688 1736 filij
714 1677 792 1739 qui
808 1672 938 1721 breui
951 1671 1167 1721 exhausto
1184 1677 1314 1739 patris
1326 1677 1478 1721 aerario
1493 1672 1639 1720 vsuras
1655 1672 1919 1722 centesimas
1935 1708 1948 1732 ‚
1966 1669 2066 1740 post
2078 1677 2215 1722 etiam

244 1761 259 1783 7
281 1759 352 1777 ”mo
363 1757 427 1785 1554-
508 1740 912 1810 sesquicentefimas
925 1753 966 1801 ⁷,
990 1741 1175 1790 tandem
1189 1741 1516 1791 ducentesimas
1531 1745 1687 1811 pastus
1705 1742 1781 1791 est.
1815 1747 1939 1790 Cum
1954 1739 2066 1791 vero
2079 1761 2207 1811 pecu-
2235 1758 2277 1807 C

505 1815 580 1857 nia
591 1808 759 1859 foenori
774 1811 995 1860 soluendo
1010 1830 1105 1859 non
1116 1808 1333 1861 sufficeret
1345 1848 1358 1870 ,
1380 1811 1609 1860 vsurarum
1629 1810 1777 1861 vsuras
1798 1810 2097 1861 creditoribus
2110 1830 2215 1880 pro-

506 1879 639 1929 mifir.
669 1879 860 1929 Carolus
885 1901 926 1930 v.
954 1885 1205 1949 Imperator
1230 1884 1421 1930 Henrici
1441 1879 1656 1950 exemplo
1667 1897 1776 1930 tunc
1788 1879 2129 1950 primumbellis
2145 1899 2216 1929 vr·-

504 1950 713 2017 gentibus
724 1949 801 1999 sub
813 1949 991 1999 foenore
1011 1948 1260 1999 centesimo
1274 1955 1482 2019 pecunias
1492 1955 1675 2019 accepit.
1709 1955 1858 2001 Antea
1873 1968 2062 2019 quoque
2084 1948 2218 2000 Hen-

507 2023 622 2068 ricus
637 2038 830 2068 v111.rex
841 2018 1102 2087 Anglorum
1115 2017 1140 2068 a
1158 2021 1395 2069 Germanis
1413 2020 1739 2069 mercatoribus
1762 2024 2094 2069 maritimarum
2106 2023 2216 2070 ciui-

509 2103 654 2137 tatum
670 2104 854 2139 centum
869 2106 1116 2138 aureorum
1129 2087 1270 2138 millia
1281 2106 1507 2158 acceperat
1526 2084 1604 2138 sub
1619 2087 1753 2138 vsuris
1768 2088 2036 2139 centesimis:
2047 2104 2216 2159 vtopes

506 2175 557 2205 ac
566 2162 776 2226 pecunias
790 2158 1020 2208 vsurarum
1033 2157 1251 2208 illecebris
1263 2157 1319 2207 ad
1331 2157 1371 2207 se
1385 2155 1576 2227 quisque
1588 2158 1873 2227 pertraheret.
1909 2163 1973 2209 At
1985 2163 2218 2208 Henricus

510 2246 565 2274 11.
589 2246 664 2279 rex
687 2232 961 2277 Francorum
984 2232 1213 2297 opinionis
1236 2246 1385 2276 errore
1396 2228 1609 2297 deceptus
1627 2228 1703 2277 est:
1721 2246 1826 2278 cum
1839 2233 1963 2278 enim·
1981 2232 2214 2297 grauiores

508 2301 673 2345 caeteris
690 2297 836 2347 vsuras
858 2298 1157 2347 creditoribus
1169 2295 1386 2357 solueret,
1409 2302 1631 2346 maiorem
1659 2302 1752 2347 vim
1773 2303 2070 2367 pecuniarum
2081 2295 2122 2345 se
2133 2316 2214 2346 coa

509 2368 717 2415 acturum
731 2366 942 2435 sperabat:
959 2366 1031 2416 sed
1043 2364 1411 2436 prudentissimus
1424 2365 1613 2436 quisque
1626 2364 1832 2416 futurum
1850 2367 2215 2436 prospiciebat‚vt

508 2453 613 2484 cum
626 2436 756 2484 breui
769 2440 958 2506 pecunia
970 2455 1126 2504 regem
1139 2454 1232 2486 tam
1245 2441 1373 2505 graui
1384 2436 1562 2485 foenore
1581 2435 1943 2506 oberatum‚post
1954 2441 2092 2486 etiam
2103 2435 2216 2486 fides

508 2503 732 2554 defeciffet
745 2526 754 2552 :
769 2506 1011 2555 creditores
1025 2505 1114 2555 vna
1126 2525 1232 2555 cum
1246 2505 1382 2555 vsuris
1404 2508 1572 2556 sortem
1583 2511 1855 2555 amitterent.
1888 2505 2082 2555 Carolus
2102 2504 2214 2555 verb
2231 2523 2281 2571 1)
2321 2523 2324 2526 ·

506 2577 759 2643 Imperator
770 2575 1067 2624 creditoribus
1083 2575 1176 2625 satis
1196 2576 1235 2625 se
1246 2573 1474 2624 fruiturum
1486 2575 1732 2635 iudicabat,
1754 2594 1858 2625 cum
1874 2581 2075 2625 ciuitates
2089 2573 2215 2644 quasi.
2277 2612 2279 2615 »
2324 2600 2328 2608 ·

508 2644 674 2710 praedes
688 2643 984 2693 creditoribus
997 2644 1134 2694 daret.
1147 2648 1344 2694 Mortuo
1361 2648 1567 2695 Henrico
1579 2663 1682 2714 rege
1694 2644 1940 2695 creditores
1951 2644 2144 2713 querelis
2155 2664 2216 2694 0·->

506 2719 631 2762 mnia
643 2712 1059 2782 compleueruntzac
1070 2713 1272 2783 plerique
1284 2734 1379 2762 non
1393 2715 1447 2764 de
1461 2714 1594 2764 vsuris
1605 2753 1618 2773 ,
1629 2715 1701 2763 sed
1714 2715 1769 2764 de
1781 2715 1896 2764 sorte
1909 2715 2214 2782 recuperanda

504 2780 892 2831 laboraruntzcurn
905 2782 1012 2832 alius
1023 2783 1147 2831 sortis
1160 2782 1508 2842 semiffem,alius
1519 2787 1728 2833 trientem
1741 2785 2024 2853 emptoribus
2037 2783 2116 2844 suo
2134 2803 2212 2853 pe-a¹

504 2850 646 2901 riculo
660 2852 816 2902 cedere
831 2869 1081 2920 cogeretur,
1115 2856 1218 2902 Nec
1231 2852 1377 2902 solum
1392 2855 1633 2912 Germani,
1654 2852 1858 2918 Heluetij
1872 2892 1885 2913 ‚
1896 2852 2017 2912 Itali,
2034 2857 2211 2912 Franci,

510 2927 806 2970 verumetiam
826 2921 1081 2970 Turcarum
1103 2921 1316 2972 nonnulli
1345 2927 1552 2992 pecunias
1573 2939 1881 2972 mercatorum
1899 2927 2091 2972 nomine
2113 2927 2209 2992 regi

507 2992 800 3039 credidissent.
829 2995 1008 3040 Etenim
1025 2991 1252 3040 Rostanus
1275 2992 1396 3040 Baffa
1409 2995 1661 3058 quominus
1689 2994 1949 3043 Turcarum
1973 2990 2205 3042 auxiliares

505 3065 645 3126 copiae
658 3065 753 3127 regi
770 3065 971 3108 Heorico
989 3080 1043 3107 11.
1061 3065 1370 3121 mitterentur,
1396 3060 1502 3109 cum
1514 3066 1560 3109 in
1576 3061 1695 3111 Italia
1718 3060 1892 3128 Guyfio
1904 3062 2019 3110 duce
2030 3059 2205 3113 bellurn

504 3145 778 3177 renouatum
793 3131 920 3188 esset,
943 3126 1202 3189 intercessit,
1221 3129 1396 3179 tametfi
1418 3135 1566 3181 Vinea
1583 3129 1754 3199 legatus
1775 3127 2020 3181 aureorum
2043 3130 2204 3179 decem

504 3195 644 3263 millia
657 3204 767 3265 regis
783 3202 970 3246 Henrici
991 3204 1182 3247 nomine
1194 3217 1253 3247 nu
1262 3199 1483 3259 meraffer,
1501 3205 1722 3269 quoniam
1743 3215 1943 3269 quatuor
1960 3198 2099 3249 millia
2118 3199 2204 3247 foe-

500 3272 623 3314 noris
635 3286 684 3316 ac
697 3268 859 3315 sortem
890 3267 970 3315 fibi
995 3267 1147 3316 deberi
1170 3270 1453 3336 querebatur.
1493 3267 1574 3318 hac
1594 3273 1717 3318 enim
1741 3268 1839 3338 lege
1863 3269 2202 3318 foenerantur-*vt

500 3334 668 3385 sortem
683 3355 787 3385 cum
802 3336 873 3386 vsu
881 3341 933 3385 ris
944 3353 1141 3405 repetere
1160 3335 1286 3386 liceat
1299 3376 1313 3397 ‚
1329 3355 1375 3388 vt
1389 3342 1524 3387 etiam
1537 3337 1635 3388 Itali
1645 3338 1871 3407 publicani
1883 3344 1964 3407 qui
1976 3338 2103 3406 quod
2117 3337 2202 3386 foe<

2091 3424 2205 3455 flora
