2358 3951
568 204 680 248 DE
748 199 1326 251 REPVBLICA.
1734 197 1814 264 405'

104 291 236 354 is‚qui
249 292 450 355 princeps
466 283 610 333 dictus
629 285 689 333 est
700 322 713 343 ‚
727 301 967 352 auguratus
983 284 1044 333 est
1057 301 1178 333 auno
1194 280 1360 331 Christi
1375 300 1424 330 M.
1441 301 1466 329 c
1477 301 1501 329 c
1512 302 1565 330 ei.
1577 288 1625 331 ‘xi
1640 306 1672 332 11
1686 292 1714 332 i.
1729 290 1798 332 Iu-

105 357 304 406 daeoruiu
319 353 525 405 Meffiam
537 350 740 420 aliquem
750 352 1038 412 futurum(s1c
1049 358 1169 402 enim
1183 357 1477 420 Imperatores
1490 351 1691 401 strenuos
1703 358 1798 401 He-

107 427 210 475 braei
221 431 400 480 vocant)
416 428 496 492 qui
509 423 612 470 suos
623 421 809 489 gentiles
821 420 846 469 a
859 422 1107 471 Christiana
1122 422 1331 471 seruitute
1344 438 1575 488 erepturus
1588 423 1703 469 ess'et.
1713 427 1798 470 Ni-

106 493 207 543 hilo,
219 494 362 543 sanior
375 493 461 543 fuit
479 489 712 541 Arnoldus
725 489 949 558 Hispanus
959 526 972 546 ‚
984 497 1062 559 qui
1075 488 1402 541 Antichristum
1414 506 1535 539 anno
1561 488 1728 538 Christi
1744 510 1794 537 M.

114 585 136 613 c
147 584 170 612 c
181 583 204 611 c
216 583 290 613 xi..
308 579 548 611 venturum
561 559 827 627 praedicauit.
842 564 906 608 At
921 564 1158 609 Leouicius
1173 560 1276 609 scire
1288 564 1437 629 potuit
1446 559 1501 608 ab
1518 560 1628 608 orbe
1640 560 1797 606 condi-

107 649 154 680 to
168 633 222 682 ad
236 632 328 683 haec
340 631 476 700 Vsque
489 647 720 699 tempora,
733 629 942 679 ducentas
953 649 1003 678 ac
1015 628 1291 698 septuaginta
1306 628 1584 697 superiorum
1601 626 1795 696 planeta-

0 708 3 733 *
64 700 67 703 ¹
105 720 210 750 runi
221 705 565 768 coniugationes
590 700 839 749 extitiffe:in
851 717 948 766 quo
963 715 1156 746 numero
1169 716 1343 765 magnae
1355 697 1454 746 sunt
1469 718 1497 746 x
1508 697 1700 745 x1111.id
1715 697 1791 755 est,

110 790 206 839 quae
217 770 317 840 post
333 788 476 818 annos
487 769 708 818 ducentos
722 777 766 816 ὃς
781 767 1077 836 quadraginta
1087 783 1336 826 recurrunt5
1348 773 1457 816 Ioue
1481 776 1525 815 &
1541 773 1734 816 Saturno
1751 770 1798 813 in

110 841 281 894 eadem,
298 835 875 906 vtloquuntur,triplicitate
889 835 1172 902 coeuntibus,
1190 840 1387 886 minores
1396 850 1518 885 anno
1533 853 1724 904 quoque
1737 839 1800 884 vi-

44 920 46 923 ’
111 908 299 977 gesimo:
313 909 563 959 mediocres
575 911 809 956 Saturniae
821 903 1226 972 Martis5triges1mo
1241 923 1430 973 quoque
1440 925 1560 955 anno
1575 910 1621 954 in
1637 909 1802 954 Cancri

0 988 7 1031 Ξ
57 986 95 1040 ,B
112 978 469 1030 liderema'ximi
479 981 602 1026 Iouis
615 995 663 1024 ac
677 978 851 1024 Saturni
862 979 908 1021 in
920 977 1182 1040 Ariete,que
1196 975 1294 1041 post
1307 993 1448 1023 annos
1460 980 1630 1025 circiter
1647 993 1676 1022 n
1686 994 1746 1022 oc
1756 993 1797 1022 c„

15 1043 16 1050 ἵ
109 1052 307 1099 recurrit.
324 1045 501 1097 tametfi
522 1043 765 1094 Messaliala
776 1048 1027 1092 maximam
1051 1048 1267 1090 omnium
1279 1042 1482 1111 appellat,
1493 1044 1600 1094 cum
1614 1061 1698 1093 tres
1708 1042 1802 1112 pla-

109 1133 222 1169 netae
242 1121 287 1166 in
313 1120 467 1167 Ariete
490 1122 658 1165 coeunt
678 1133 688 1158 z
712 1112 841 1182 quod
861 1129 1015 1161 tamen
1038 1131 1134 1160 non
1156 1111 1294 1160 video
1313 1109 1521 1162 futurum
1543 1133 1663 1163 anno
1686 1132 1736 1163 M.
1753 1122 1798 1161 D'.

111 1207 133 1236 1.
144 1206 210 1237 xx
220 1201 409 1234 x1111.vt
421 1188 656 1235 Leouicius
667 1199 790 1251 putat
803 1184 858 1232 εὖ
868 1186 1035 1250 Iupiter
1047 1179 1071 1231 a
1082 1185 1261 1230 Saturni
1279 1188 1323 1228 δε
1338 1184 1496 1230 Martis
1509 1183 1673 1252 copula
1685 1185 1802 1233 duo-

106 1257 251 1306 decim
265 1255 423 1323 gradus
435 1253 619 1312 secedat,
632 1271 730 1320 quae
743 1256 883 1301 co'itio
899 1270 955 1300 ne
969 1268 1047 1319 per
1059 1252 1219 1299 orbem
1234 1249 1424 1316 quidem
1438 1252 1522 1301 dici
1542 1253 1700 1319 potest.
1716 1252 1803 1302 Sed

109 1345 215 1375 cum
227 1325 350 1375 idem
362 1323 599 1373 concursus
612 1333 657 1371 ὃς
683 1321 799 1371 certe
816 1325 968 1379 maior,
986 1318 1074 1369 vna
1084 1339 1189 1369 cum
1202 1317 1517 1369 obscurissimis
1530 1321 1641 1369 Solis
1656 1341 1705 1371 ac
1718 1327 1804 1370 Lu—

54 1437 56 1439 .
110 1414 177 1447 nae
192 1393 399 1461 deliquiis
413 1391 586 1440 Carolo
597 1410 766 1459 magno
788 1396 1066 1459 Imperatore
1079 1389 1335 1457 contigiffet
1346 1427 1359 1448 ,
1372 1408 1468 1438 non
1486 1406 1720 1458 propterea
1742 1408 1805 1439 ta-

111 1483 216 1513 men
236 1463 462 1511 mundum
476 1460 596 1509 hunc
609 1460 816 1509 interiisse
829 1460 1055 1508 videmus.
1084 1461 1388 1508 Hebraeorum
1403 1459 1592 1527 quidem
1605 1459 1807 1527 philoso«

109 1529 186 1602 phi
200 1531 380 1582 tradunt
394 1531 493 1599 post
505 1530 747 1598 septimum
761 1547 977 1597 querique
995 1526 1290 1578 millesimum
1310 1537 1481 1576 annum
1493 1566 1505 1587 ,
1533 1525 1718 1576 humani
1731 1549 1807 1597 ge-

109 1607 224 1653 neris
236 1621 286 1653 ac
299 1606 473 1651 Rerum
486 1604 699 1648 omnium
711 1597 992 1669 publicarum
1007 1602 1240 1646 interitum
1258 1597 1382 1665 sequi
1393 1613 1576 1666 propter
1585 1616 1752 1664 aquaru
1762 1617 1807 1646 m

112 1671 344 1721 eluuiones
354 1688 405 1717 ac
417 1668 757 1738 deflagrationes
772 1690 781 1716 :
796 1686 846 1717 ac
861 1667 960 1736 post
972 1665 1126 1735 septies
1140 1666 1308 1736 septem
1321 1683 1546 1716 annorum
1562 1665 1714 1726 millia,
1728 1687 1806 1717 caz-

56 1745 96 1789 C
111 1739 285 1790 lestium
299 1741 482 1791 orbium
505 1759 554 1787 ac
573 1740 883 1787 munditotius
896 1737 1104 1785 occasum
1120 1735 1243 1785 fore:
1260 1753 1359 1785 tum
1384 1736 1527 1785 rursus
1549 1736 1809 1804 sempiterni

111 1814 202 1861 Dei
218 1808 643 1878 potestatemsidum
658 1806 991 1865 renouandum,
1006 1804 1145 1873 idque
1157 1805 1256 1873 lege
1268 1806 1436 1865 diuina,
1449 1824 1712 1874 quanquam
1727 1806 1811 1854 ob*

79 1880 83 1884 ”
112 1877 247 1937 scure,
259 1877 489 1947 significari
502 1883 628 1927 aiunt
642 1915 654 1935 ,
671 1873 773 1925 cum
788 1877 978 1945 septimo
995 1894 1186 1944 quoque
1199 1893 1337 1935 anno,
1349 1883 1566 1943 agrorum
1580 1872 1723 1924 cultus
1738 1875 1810 1923 de-

114 1946 194 1997 seri
205 1949 382 1997 iubetur
396 1969 406 1996 :
418 1966 466 1996 ac
481 1947 580 2016 post
597 1945 751 2014 septies
770 1944 1012 2015 septimum
1024 1955 1119 1993 non
1131 1943 1279 1994 modo
1291 1942 1562 2013 agricultura
1573 1943 1726 2003 deseri,
1739 1935 1813 1994 sed

115 2021 249 2068 etiam
261 2015 369 2067 serui
381 2035 431 2066 ac
443 2016 670 2066 debitores
682 2015 918 2077 liberari,&
930 2014 985 2063 ad
999 2012 1071 2062 sua
1085 2014 1274 2083 quisque
1289 2015 1450 2083 praedia
1462 2014 1604 2064 redire
1615 2013 1808 2078 iubetur.·

117 2085 250 2135 Certe
264 2086 450 2154 quidem
462 2086 674 2135 diuturna
693 2082 1010 2133 obseruatione
1035 2084 1221 2132 tandem
1248 2088 1488 2151 cognitum
1513 2083 1574 2133 est
1594 2102 1644 2132 ac
1663 2101 1813 2151 perce-

115 2156 570 2223 ptum,trepidationis
582 2170 764 2202 motum
778 2152 946 2223 septem
955 2170 1183 2203 annorum
1200 2151 1393 2210 millibus
1405 2150 1644 2202 absoluizac
1657 2151 1811 2220 septies

115 2223 283 2294 septem
298 2223 498 2274 millibus
511 2242 688 2272 nouum
713 2223 876 2272 orbem
900 2227 1144 2290 circumagi
1158 2243 1168 2269 t
1183 2239 1282 2289 quae
1304 2222 1529 2271 veteribus
1556 2219 1746 2271 Caldaeis
1766 2240 1814 2270 ac

115 2297 339 2362 AEgyptiis
351 2298 585 2361 incognita
597 2291 802 2358 fuerunt.
838 2297 900 2341 At
913 2290 1088 2341 tametsi
1103 2301 1274 2340 veteres
1295 2292 1598 2341 Hebraeorum
1612 2288 1812 2359 philoso-

114 2362 300 2432 phinon
315 2361 460 2413 modo
474 2380 623 2411 rerum
636 2363 895 2421 diuinarum
910 2380 958 2410 ac
972 2360 1212 2412 caelestium
1226 2361 1470 2420 scientiam,
1486 2359 1713 2428 sedletiam
1734 2360 1812 2408 ab-

24 2487 25 2490 *
117 2432 227 2482 ditas
243 2438 410 2483 naturae'
424 2430 568 2482 causas
581 2432 740 2480 diuino
758 2449 943 2478 munere
959 2439 1002 2480 δέ
1017 2431 1223 2480 concessu
1236 2429 1488 2489 habuerint,
1500 2438 1545 2478 &
1557 2430 1611 2478 ab
1623 2433 1673 2478 iis
1686 2429 1742 2477 ad
1756 2448 1808 2476 o-

0 2517 3 2539 2
53 2506 100 2555 D
118 2515 245 2553 mnes
257 2500 469 2551 mortales
479 2519 628 2550 rerum
639 2498 989 2568 pulcherrimam]
1012 2505 1214 2569 cognitio
1225 2497 1432 2567 profecta
1446 2498 1518 2559 sit,
1534 2514 1582 2548 vt
1605 2497 1808 2567 Porphy-

116 2576 205 2621 rius
225 2575 383 2620 omniu
392 2589 436 2619 m
450 2569 533 2620 suae
545 2575 682 2620 aetatis
694 2567 1018 2639 philosophoru
1028 2589 1072 2618 m
1091 2574 1312 2619 maximus
1324 2569 1599 2618 confitetur²z
1612 2566 1809 2634 cumque

110 2633 210 2691 'haec
221 2641 526 2690 Hebraeorum
539 2638 767 2708 disciplina
786 2657 948 2687 eorum
961 2642 1243 2707 impietatem
1259 2637 1503 2697 conuellat,
1517 2642 1597 2705 qui
1616 2638 1807 2686 mudum

115 2725 425 2768 aeternum,aut
437 2713 591 2758 Deum
605 2708 804 2757 otiosum
816 2707 1216 2758 innumerabilibus
1228 2705 1380 2755 seculis
1392 2705 1517 2755 fuiffe
1531 2704 1808 2755 statuuntzni-

115 2778 178 2830 hil
191 2795 342 2828 tamen
357 2777 536 2828 Hebraei
547 2777 640 2827 fato
656 2779 772 2826 tribu
780 2794 961 2831 unt,nec
973 2775 1165 2827 siderum
1180 2774 1420 2827 caelestium
1430 2777 1605 2825 decreta
1615 2774 1700 2823 vlla
1711 2793 1807 2822 me-

121 2864 254 2899 tuunt
267 2870 277 2895 :
291 2847 362 2896 sed
377 2852 534 2896 omnia
547 2845 969 2896 diuinae-voluntatis
981 2848 1164 2894 arbitrio
1178 2849 1270 2913 regi
1282 2865 1331 2894 ac
1343 2850 1507 2895 mutari
1519 2843 1807 2902 affirmant,vt

123 2922 204 2984 qui
216 2936 364 2966 rerum
377 2933 598 2975 naturam,
613 2935 661 2965 ac
673 2914 801 2965 infidi
814 2915 1108 2965 fundamenta
1124 2919 1305 2983 quoties
1316 2915 1454 2973 volet,
1468 2930 1650 2982 quatere
1660 2910 1806 2982 possut

121 2987 364 3053 vtquidem
379 2984 659 3034 imeneorum
673 2987 788 3034 estin
799 3003 1018 3052 aquarum
1040 2984 1466 3051 eluuionibus,quae
1489 2984 1648 3030 orbem
1671 2999 1807 3030 terra-¹

120 3074 223 3103 rum
234 3054 559 3104 absorbuerunt
570 3073 690 3103 anno
712 3056 767 3103 ab
780 3055 891 3102 orbe
903 3054 1092 3102 condito
1108 3070 1142 3104 M
1153 3073 1193 3101 .D
1204 3074 1228 3101 c
1238 3074 1258 3101 1.
1269 3074 1316 3100 vl
1328 3092 1333 3099 .
1346 3057 1462 3102 Non
1474 3069 1625 3100 tamen
1642 3051 1805 3100 dubito

121 3129 231 3192 quin
245 3140 456 3191 praecepta
466 3124 673 3190 quaedam
687 3124 742 3173 de
754 3121 1211 3191 Rerumpublicarurn
1231 3120 1602 3172 conuersionibus
1617 3129 1660 3171 &
1675 3121 1804 3168 obitu

123 3198 314 3243 certiora
333 3191 644 3259 tradipoffint,
666 3192 694 3241 s1
709 3197 808 3260 quis
828 3191 972 3241 modo
1000 3197 1211 3241 retroacti
1232 3195 1450 3258 temporis
1471 3190 1574 3237 inde
1594 3187 1731 3257 vsque
1750 3189 1805 3237 ab

124 3263 236 3311 orbe
247 3261 435 3311 condito
449 3277 612 3310 certam
629 3267 855 3311 rationem
875 3266 1012 3309 ineat:
1029 3271 1073 3311 ὃς
1090 3263 1182 3311 alia
1194 3280 1297 3310 curn
1311 3259 1402 3308 aliis
1413 3276 1676 3324 comparans
1695 3295 1708 3316 ‚
1726 3256 1808 3307 alia

124 3351 176 3380 ex
187 3330 281 3380 aliis
295 3334 478 3380 nectens
490 3329 762 3398 prouehatur
777 3330 974 3390 altius,ac
987 3330 1304 3380 historicorum
1321 3333 1433 3377 inter
1444 3327 1484 3376 se
1505 3325 1808 3379 diffidentium

1830 2578 1845 2596 2
1887 2570 1916 2595 1n
1942 2569 2016 2606 epist.
2043 2569 2074 2596 ad

1831 2606 2076 2637 Boethumsrheo-

1831 2647 1913 2686 dorir.
1931 2651 1958 2675 in
1974 2648 2024 2676 lib.
2040 2649 2074 2675 de

1830 2685 1979 2715 affectioni]
1994 2684 2075 2728 Gra?-

1831 2736 1924 2756 carurn
1934 2730 2016 2756 curat.
